
@article{oz_acwe_2012,
author = {Zavala-Romero, Olmo and Meyer-Baese, Anke and Meyer-Baese, Uwe},
title = {Multiplatform {GPGPU} implementation of the active contours without edges algorithm},
volume = {},
number = {},
pages = {83990E-83990E-11},
year = {2012},
doi = {10.1117/12.921951},
URL = { + http://dx.doi.org/10.1117/12.921951},
eprint = {}
}

% Optical flow 
@article{oz_opticalflow_2011,
    title = {Optical flow optimization using parallel genetic algorithm},
    publisher = {SPIE},
    year = {2011},
    doi = {DOI:10.1117/12.883680},
    issn = {0277786X},
    coden = {PSISDG},
    volume = {8058},
    number = {1},
    pages = {80581E},
    author = {Olmo Zavala-Romero and  Guillermo Botella and  Anke Meyer-Bäse and Uwe Meyer-Bäse},
    url = {http://spie.org/x648.html?product_id=883680},
}

@article{sonnweber2013new,
  title={A New Method for the Analysis of Soft Tissues with Data Acquired under Field Conditions},
  author={Sonnweber, Ruth S and Stobbe, Nina and Romero, Olmo Zavala and Slice, Dennis E and Fieder, Martin and Wallner, Bernard},
  journal={PloS one},
  volume={8},
  number={6},
  pages={e67521},
  year={2013},
  publisher={Public Library of Science}
}

@article{zavala2010digital,
	title = {Digital Atlas of {M}exico Provides Accessible Climate Information},
	volume = {91},
	url = {http://onlinelibrary.wiley.com/doi/10.1029/2010EO140001/abstract},
	number = {14},
	urldate = {2013-10-29},
	journal = {Eos, Transactions American Geophysical Union},
	author = {Zavala-Hidalgo, Jorge and Fernandez-Eguiarte, Agust{\'i}n and Romero-Centeno, Rosario and Zavala-Romero, Olmo},
	year = {2010},
	pages = {125-126},
	file = {EOS_DCAM_2010.pdf:/home/olmozavala/.zotero/zotero/e6wfhum2.default/zotero/storage/P9MFER3W/EOS_DCAM_2010.pdf:application/pdf}
},
