
@article{kulawiak_interactive_2010,
	title = {Interactive visualization of marine pollution monitoring and forecasting data via a Web-based {GIS}},
	volume = {36},
	issn = {00983004},
	url = {http://linkinghub.elsevier.com/retrieve/pii/S0098300410001603},
	doi = {10.1016/j.cageo.2010.02.008},
	language = {en},
	number = {8},
	urldate = {2014-08-07},
	journal = {Computers \& Geosciences},
	author = {Kulawiak, M. and Prospathopoulos, A. and Perivoliotis, L. and łuba, M. and Kioroglou, S. and Stepnowski, A.},
	month = aug,
	year = {2010},
	pages = {1069--1080},
	file = {1-s2.0-S0098300410001603-main.pdf:/home/olmozavala/.zotero/zotero/e6wfhum2.default/zotero/storage/5RN9FW89/1-s2.0-S0098300410001603-main.pdf:application/pdf}
}

@article{rao_web-based_2007,
	title = {A web-based {GIS} Decision Support System for managing and planning {USDA}'s Conservation Reserve Program ({CRP})},
	volume = {22},
	issn = {13648152},
	url = {http://linkinghub.elsevier.com/retrieve/pii/S1364815206001988},
	doi = {10.1016/j.envsoft.2006.08.003},
	language = {en},
	number = {9},
	urldate = {2014-08-07},
	journal = {Environmental Modelling \& Software},
	author = {Rao, Mahesh and Fan, Guoliang and Thomas, Johnson and Cherian, Ginto and Chudiwale, Varun and Awawdeh, Muheeb},
	month = sep,
	year = {2007},
	pages = {1270--1280},
	file = {1-s2.0-S1364815206001988-main.pdf:/home/olmozavala/.zotero/zotero/e6wfhum2.default/zotero/storage/6X2SU2IB/1-s2.0-S1364815206001988-main.pdf:application/pdf}
}

@book{shekhar_quantum_2007,
	address = {New York ; Berlin},
	title = {Quantum {GIS}},
	isbn = {9780387359755  0387359753  9780387308586  038730858X  9780387359731  0387359737},
	language = {English},
	publisher = {Springer},
	author = {Shekhar, Shashi and Xiong, Hui},
	year = {2007}
}

@article{bugs_assessment_2010,
	title = {An assessment of Public Participation {GIS} and Web 2.0 technologies in urban planning practice in Canela, Brazil},
	volume = {27},
	issn = {02642751},
	url = {http://linkinghub.elsevier.com/retrieve/pii/S0264275109001358},
	doi = {10.1016/j.cities.2009.11.008},
	language = {en},
	number = {3},
	urldate = {2014-08-07},
	journal = {Cities},
	author = {Bugs, Geisa and Granell, Carlos and Fonts, Oscar and Huerta, Joaquín and Painho, Marco},
	month = jun,
	year = {2010},
	pages = {172--181},
	file = {1-s2.0-S0264275109001358-main.pdf:/home/olmozavala/.zotero/zotero/e6wfhum2.default/zotero/storage/MFGRMCQ7/1-s2.0-S0264275109001358-main.pdf:application/pdf}
}

@phdthesis{karas_gpu_2010,
	title = {{GPU} Acceleration of Image Processing Algorithms},
	school = {Dissertation Thesis},
	author = {Karas, P.},
	year = {2010},
	file = {GPU_ImageProcAlg_2010.pdf:/home/olmozavala/.zotero/zotero/e6wfhum2.default/zotero/storage/U8TVSUQ9/GPU_ImageProcAlg_2010.pdf:application/pdf}
}

@article{kyem_web-based_2009,
	title = {Web-Based {GIS} and the Future of Participatory {GIS} Applications within Local and Indigenous Communities.},
	volume = {38},
	url = {http://www.ejisdc.org/ojs2../index.php/ejisdc/article/view/584},
	urldate = {2013-06-20},
	journal = {The Electronic Journal of Information Systems in Developing Countries},
	author = {Kyem, Peter AK and Saku, James C.},
	year = {2009},
	file = {584-1351-1-PB.pdf:/home/olmozavala/.zotero/zotero/e6wfhum2.default/zotero/storage/QSA4V2SP/584-1351-1-PB.pdf:application/pdf}
}

@article{yankeelov_integration_2007,
	title = {Integration of quantitative {DCE}-{MRI} and {ADC} mapping to monitor treatment response in human breast cancer: initial results},
	volume = {25},
	shorttitle = {Integration of quantitative {DCE}-{MRI} and {ADC} mapping to monitor treatment response in human breast cancer},
	url = {http://www.sciencedirect.com/science/article/pii/S0730725X0600289X},
	number = {1},
	urldate = {2013-02-03},
	journal = {Magnetic resonance imaging},
	author = {Yankeelov, T. E. and Lepage, M. and Chakravarthy, A. and Broome, E. E. and Niermann, K. J. and Kelley, M. C. and Meszoely, I. and Mayer, I. A. and Herman, C. R. and McManus, K.},
	year = {2007},
	pages = {1–13},
	file = {1-s2.0-S0730725X0600289X-main.pdf:/home/olmozavala/.zotero/zotero/e6wfhum2.default/zotero/storage/P9Z4D4PE/1-s2.0-S0730725X0600289X-main.pdf:application/pdf}
}

@article{vese_multiphase_2002,
	title = {A multiphase level set framework for image segmentation using the Mumford and Shah model},
	volume = {50},
	number = {3},
	journal = {International Journal of Computer Vision},
	author = {Vese, L. A. and Chan, T. F.},
	year = {2002},
	pages = {271–293},
	file = {veseChanIJCV2002.pdf:/home/olmozavala/.zotero/zotero/e6wfhum2.default/zotero/storage/U2MVKCDG/veseChanIJCV2002.pdf:application/pdf}
}

@article{mulder_computing_1992,
	title = {Computing interface motion in compressible gas dynamics},
	volume = {100},
	url = {http://www.sciencedirect.com/science/article/pii/002199919290229R},
	number = {2},
	urldate = {2013-02-19},
	journal = {Journal of Computational Physics},
	author = {Mulder, W. and Osher, S. and Sethian, James A.},
	year = {1992},
	pages = {209–228},
	file = {JCP100_MOS.pdf:/home/olmozavala/.zotero/zotero/e6wfhum2.default/zotero/storage/9SIRQXZT/JCP100_MOS.pdf:application/pdf}
}

@techreport{chassignet_us_2009,
	title = {{US} {GODAE}: global ocean prediction with the {HYbrid} Coordinate Ocean Model ({HYCOM})},
	shorttitle = {{US} {GODAE}},
	url = {http://oai.dtic.mil/oai/oai?verb=getRecord&metadataPrefix=html&identifier=ADA504037},
	urldate = {2013-11-21},
	institution = {{DTIC} Document},
	author = {Chassignet, Eric P. and Hurlburt, Harley E. and Metzger, E. Joseph and Smedstad, Ole M. and Cummings, James A. and Halliwell, George R. and Bleck, Rainer and Baraille, Remy and Wallcraft, Alan J. and Lozano, Carlos},
	year = {2009},
	file = {ADA504037.pdf:/home/olmozavala/.zotero/zotero/e6wfhum2.default/zotero/storage/XXIKZQUV/ADA504037.pdf:application/pdf}
}

@article{mari_gis-based_2011,
	title = {A {GIS}-based interactive web decision support system for planning wind farms in Tuscany (Italy)},
	volume = {36},
	issn = {09601481},
	url = {http://linkinghub.elsevier.com/retrieve/pii/S0960148110003290},
	doi = {10.1016/j.renene.2010.07.005},
	language = {en},
	number = {2},
	urldate = {2014-08-07},
	journal = {Renewable Energy},
	author = {Mari, Riccardo and Bottai, Lorenzo and Busillo, Caterina and Calastrini, Francesca and Gozzini, Bernardo and Gualtieri, Giovanni},
	month = feb,
	year = {2011},
	pages = {754--763},
	file = {1-s2.0-S0960148110003290-main.pdf:/home/olmozavala/.zotero/zotero/e6wfhum2.default/zotero/storage/QKD4UXIS/1-s2.0-S0960148110003290-main.pdf:application/pdf}
}

@article{jones_3d_2006,
	title = {3D distance fields: A survey of techniques and applications},
	volume = {12},
	shorttitle = {3D distance fields},
	number = {4},
	journal = {Visualization and Computer Graphics, {IEEE} Transactions on},
	author = {Jones, M. W. and Baerentzen, J. A. and Sramek, M.},
	year = {2006},
	pages = {581–599},
	file = {Survey.pdf:/home/olmozavala/.zotero/zotero/e6wfhum2.default/zotero/storage/EIIS6QJ3/Survey.pdf:application/pdf}
}

@article{nielsen_dynamic_2006,
	title = {Dynamic Tubular Grid: An efficient data structure and algorithms for high resolution level sets},
	volume = {26},
	shorttitle = {Dynamic Tubular Grid},
	url = {http://www.springerlink.com/index/y3r4385122034170.pdf},
	number = {3},
	urldate = {2013-02-06},
	journal = {Journal of Scientific Computing},
	author = {Nielsen, M. B. and Museth, K.},
	year = {2006},
	pages = {261–299},
	file = {Nielsen-Museth_JSC05.pdf:/home/olmozavala/.zotero/zotero/e6wfhum2.default/zotero/storage/SPKT9Q8B/Nielsen-Museth_JSC05.pdf:application/pdf}
}

@article{dubey_comparison_2010,
	title = {A comparison of two methods for the segmentation of masses in the digital mammograms},
	volume = {34},
	number = {3},
	journal = {Computerized Medical Imaging and Graphics},
	author = {Dubey, R. B. and Hanmandlu, M. and Gupta, S. K.},
	year = {2010},
	pages = {185–191},
	file = {1-s2.0-S089561110900113X-main.pdf:/home/olmozavala/.zotero/zotero/e6wfhum2.default/zotero/storage/524Q5TJV/1-s2.0-S089561110900113X-main.pdf:application/pdf}
}

@article{jemal_global_2010,
	title = {Global patterns of cancer incidence and mortality rates and trends},
	volume = {19},
	url = {http://cebp.aacrjournals.org/content/19/8/1893.short},
	number = {8},
	urldate = {2013-01-30},
	journal = {Cancer Epidemiology Biomarkers \& Prevention},
	author = {Jemal, A. and Center, M. M. and DeSantis, C. and Ward, E. M.},
	year = {2010},
	pages = {1893–1907},
	file = {Cancer Epidemiol Biomarkers Prev-2010-Jemal-1893-907.pdf:/home/olmozavala/.zotero/zotero/e6wfhum2.default/zotero/storage/DEUGGNGD/Cancer Epidemiol Biomarkers Prev-2010-Jemal-1893-907.pdf:application/pdf}
}

@article{nair_web_2011,
	title = {Web enabled open source gis based tourist information system for bhopal city},
	volume = {3},
	url = {http://doaj.org/doaj?func=fulltext&aId=718755},
	number = {2},
	urldate = {2013-06-20},
	journal = {International Journal of Engineering Science and Technology},
	author = {Nair, Sreejit S. and Katiyar, S. K.},
	year = {2011},
	pages = {1457–1466},
	file = {IJEST11-03-02-001.pdf:/home/olmozavala/.zotero/zotero/e6wfhum2.default/zotero/storage/9ITGDSJS/IJEST11-03-02-001.pdf:application/pdf}
}

@article{stockli_blue_2005,
	title = {The Blue Marble Next Generation-A true color earth dataset including seasonal dynamics from {MODIS}},
	url = {ftp://ftp.cscs.ch/out/stockli/bluemarble/bmng/bmng.pdf},
	urldate = {2013-06-27},
	journal = {Published by the {NASA} Earth Observatory},
	author = {Stöckli, Reto and Vermote, Eric and Saleous, Nazmi and Simmon, Robert and Herring, David},
	year = {2005},
	file = {bmng.pdf:/home/olmozavala/.zotero/zotero/e6wfhum2.default/zotero/storage/8AMNJTBC/bmng.pdf:application/pdf}
}

@article{shi_characterization_2008,
	title = {Characterization of mammographic masses based on level set segmentation with new image features and patient information},
	volume = {35},
	url = {http://www.ncbi.nlm.nih.gov/pmc/articles/PMC2728555/},
	number = {1},
	urldate = {2012-10-08},
	journal = {Medical physics},
	author = {Shi, J. and Sahiner, B. and Chan, H. P. and Ge, J. and Hadjiiski, L. and Helvie, M. A. and Nees, A. and Wu, Y. T. and Wei, J. and Zhou, C. and others},
	year = {2008},
	pages = {280},
	file = {nihms128200.pdf:/home/olmozavala/.zotero/zotero/e6wfhum2.default/zotero/storage/CATM4C6H/nihms128200.pdf:application/pdf}
}

@article{anguix_gvsig:_2008,
	title = {{gvSIG}: A {GIS} desktop solution for an open {SDI}},
	volume = {1},
	shorttitle = {{gvSIG}},
	url = {http://www.academicjournals.org/journal/JGRP/article-abstract/55099CA768},
	number = {3},
	urldate = {2014-08-08},
	journal = {Journal of Geography and Regional Planning},
	author = {Anguix, Alvaro and Díaz, Laura},
	year = {2008},
	pages = {041–048},
	file = {article1379406212_Anguix and Díaz .pdf:/home/olmozavala/.zotero/zotero/e6wfhum2.default/zotero/storage/XEM4QZXC/article1379406212_Anguix and Díaz .pdf:application/pdf}
}

@article{mosaliganti_level_2009,
	title = {Level Set Segmentation: Active Contours without edge},
	shorttitle = {Level Set Segmentation},
	journal = {The Insight Journal-2009. http://hdl. handle. net/1926/1532},
	author = {Mosaliganti, K. and Smith, B. and Gelas, A. and Gouaillard, A. and Megason, S.},
	year = {2009},
	file = {RegionBasedLevelSets-Mosaliganti.pdf:/home/olmozavala/.zotero/zotero/e6wfhum2.default/zotero/storage/BDNCWIRU/RegionBasedLevelSets-Mosaliganti.pdf:application/pdf}
}

@article{yao_everolimus_2013,
	title = {Everolimus in Advanced Pancreatic Neuroendocrine Tumors: The Clinical Experience},
	volume = {73},
	issn = {0008-5472, 1538-7445},
	shorttitle = {Everolimus in Advanced Pancreatic Neuroendocrine Tumors},
	url = {http://cancerres.aacrjournals.org/cgi/doi/10.1158/0008-5472.CAN-12-3923},
	doi = {10.1158/0008-5472.CAN-12-3923},
	number = {5},
	urldate = {2013-03-07},
	journal = {Cancer Research},
	author = {Yao, J. C. and Phan, A. T. and Jehl, V. and Shah, G. and Meric-Bernstam, F.},
	month = feb,
	year = {2013},
	pages = {1449--1453},
	file = {Cancer Res-2013-Yao-1449-53.pdf:/home/olmozavala/.zotero/zotero/e6wfhum2.default/zotero/storage/TQHT9HRG/Cancer Res-2013-Yao-1449-53.pdf:application/pdf}
}

@article{kuhl_current_2007,
	title = {Current Status of Breast {MR} Imaging Part 2. Clinical Applications1},
	volume = {244},
	url = {http://radiology.rsna.org/content/244/3/672.short},
	number = {3},
	urldate = {2013-02-05},
	journal = {Radiology},
	author = {Kuhl, C. K.},
	year = {2007},
	pages = {672–691},
	file = {672.full.pdf:/home/olmozavala/.zotero/zotero/e6wfhum2.default/zotero/storage/A889AE76/672.full.pdf:application/pdf}
}

@book{kolmogorov_stationary_????,
	title = {Stationary sequences in Hilbert space},
	author = {Kolmogorov, Andre{\textbackslash}ui},
	file = {Kinect_Curves_For_Malignancy.pdf:/home/olmozavala/.zotero/zotero/e6wfhum2.default/zotero/storage/3KWE7IKT/Kinect_Curves_For_Malignancy.pdf:application/pdf;Kinetictexture.pdf:/home/olmozavala/.zotero/zotero/e6wfhum2.default/zotero/storage/7IT24QDX/Kinetictexture.pdf:application/pdf}
}

@article{tsou_quantum_2011,
	title = {Quantum {GIS} ({QGIS})},
	url = {http://www.grossmont.edu/judd.curran/OpenSource_GIS.pdf},
	urldate = {2014-08-08},
	journal = {Unpublished White Paper Prepared for the {GeoTech} Center (available at http://www. iapad. org/publications/ppgis/tsou\_free-{GIS}-for-educators-whitepaper. pdf)},
	author = {Tsou, Ming-Hsiang and Smith, Jennifer},
	year = {2011},
	pages = {6,7}
}

@article{halls_river_2003,
	title = {River run: an interactive {GIS} and dynamic graphing website for decision support and exploratory data analysis of water quality parameters of the lower Cape Fear river},
	volume = {18},
	issn = {13648152},
	shorttitle = {River run},
	url = {http://linkinghub.elsevier.com/retrieve/pii/S1364815203000264},
	doi = {10.1016/S1364-8152(03)00026-4},
	language = {en},
	number = {6},
	urldate = {2014-08-07},
	journal = {Environmental Modelling \& Software},
	author = {Halls, J},
	month = jul,
	year = {2003},
	pages = {513--520},
	file = {1-s2.0-S1364815203000264-main.pdf:/home/olmozavala/.zotero/zotero/e6wfhum2.default/zotero/storage/MTB94UDJ/1-s2.0-S1364815203000264-main.pdf:application/pdf}
}

@article{kulawiak_web-based_2010,
	title = {Web-Based {GIS} as a Tool for Supporting Marine Research},
	volume = {33},
	issn = {0149-0419, 1521-060X},
	url = {http://www.tandfonline.com/doi/abs/10.1080/01490419.2010.492280},
	doi = {10.1080/01490419.2010.492280},
	number = {2-3},
	urldate = {2013-06-20},
	journal = {Marine Geodesy},
	author = {Kulawiak, Marcin and Chybicki, Andrzej and Moszynski, Marek},
	month = jul,
	year = {2010},
	pages = {135--153},
	file = {01490419%2E2010%2E492280.pdf:/home/olmozavala/.zotero/zotero/e6wfhum2.default/zotero/storage/MMUA23ZK/01490419%2E2010%2E492280.pdf:application/pdf}
}

@article{mumford_optimal_1989,
	title = {Optimal approximations by piecewise smooth functions and associated variational problems},
	volume = {42},
	number = {5},
	journal = {Communications on pure and applied mathematics},
	author = {Mumford, D. and Shah, J.},
	year = {1989},
	pages = {577–685},
	file = {89-Mumford-Shah.pdf:/home/olmozavala/.zotero/zotero/e6wfhum2.default/zotero/storage/U3ITVGSM/89-Mumford-Shah.pdf:application/pdf}
}

@article{ellis_neoadjuvant_2001,
	title = {Neoadjuvant endocrine therapy for breast cancer: medical perspectives},
	volume = {7},
	shorttitle = {Neoadjuvant endocrine therapy for breast cancer},
	url = {http://cancerres.aacrjournals.org/content/7/12_Supplement/4388s.short},
	number = {12 Supplement},
	urldate = {2013-03-07},
	journal = {Cancer Research},
	author = {Ellis, Matthew J.},
	year = {2001},
	pages = {4388s–4391s},
	file = {Cancer Res-2001-Ellis-4388s-91s.pdf:/home/olmozavala/.zotero/zotero/e6wfhum2.default/zotero/storage/4WQU3IJC/Cancer Res-2001-Ellis-4388s-91s.pdf:application/pdf}
}

@article{cates_gist:_2004,
	title = {{GIST}: an interactive, {GPU}-based level set segmentation tool for 3D medical images},
	volume = {8},
	shorttitle = {{GIST}},
	number = {3},
	journal = {Medical Image Analysis},
	author = {Cates, J. E. and Lefohn, A. E. and Whitaker, R. T.},
	year = {2004},
	pages = {217–231},
	file = {GPU_LevelSet_MedicalImage2004.pdf:/home/olmozavala/.zotero/zotero/e6wfhum2.default/zotero/storage/9XBMIB5C/GPU_LevelSet_MedicalImage2004.pdf:application/pdf}
}

@article{klein_automatic_2008,
	title = {Automatic segmentation of the prostate in 3D {MR} images by atlas matching using localized mutual information},
	volume = {35},
	issn = {00942405},
	url = {http://link.aip.org/link/MPHYA6/v35/i4/p1407/s1&Agg=doi},
	doi = {10.1118/1.2842076},
	number = {4},
	urldate = {2012-06-13},
	journal = {Medical Physics},
	author = {Klein, Stefan and van der Heide, Uulke A. and Lips, Irene M. and van Vulpen, Marco and Staring, Marius and Pluim, Josien P. W.},
	year = {2008},
	pages = {1407},
	file = {weird.pdf:/home/olmozavala/.zotero/zotero/e6wfhum2.default/zotero/storage/7TW372VE/weird.pdf:application/pdf}
}

@article{maurer_jr_linear_2003,
	title = {A linear time algorithm for computing exact euclidean distance transforms of binary images in arbitrary dimensions},
	volume = {25},
	number = {2},
	journal = {Pattern Analysis and Machine Intelligence, {IEEE} Transactions on},
	author = {Maurer Jr, C. R. and Qi, R. and Raghavan, V.},
	year = {2003},
	pages = {265–270},
	file = {AlgComputeEuclideanDistance.pdf:/home/olmozavala/.zotero/zotero/e6wfhum2.default/zotero/storage/MVIJMMBJ/AlgComputeEuclideanDistance.pdf:application/pdf}
}

@article{tzikopoulos_fully_2011,
	title = {A fully automated scheme for mammographic segmentation and classification based on breast density and asymmetry},
	volume = {102},
	number = {1},
	journal = {computer methods and programs in biomedicine},
	author = {Tzikopoulos, S. D. and Mavroforakis, M. E. and Georgiou, H. V. and Dimitropoulos, N. and Theodoridis, S.},
	year = {2011},
	pages = {47–63},
	file = {1-s2.0-S0169260710002944-main.pdf:/home/olmozavala/.zotero/zotero/e6wfhum2.default/zotero/storage/BJCTPX9Z/1-s2.0-S0169260710002944-main.pdf:application/pdf}
}

@article{hadwiger_state_2004,
	title = {State of the art report 2004 on {GPU}-based segmentation},
	journal = {{VRVis} Research Center Vienna, Austria},
	author = {Hadwiger, M. and Langer, C. and Scharsach, H. and Bühler, K.},
	year = {2004},
	file = {GPU_Segmentation2004.pdf:/home/olmozavala/.zotero/zotero/e6wfhum2.default/zotero/storage/ADKIST9M/GPU_Segmentation2004.pdf:application/pdf}
}

@article{kulawiak_interactive_2010-1,
	title = {Interactive visualization of marine pollution monitoring and forecasting data via a Web-based {GIS}},
	volume = {36},
	issn = {00983004},
	url = {http://linkinghub.elsevier.com/retrieve/pii/S0098300410001603},
	doi = {10.1016/j.cageo.2010.02.008},
	number = {8},
	urldate = {2013-06-20},
	journal = {Computers \& Geosciences},
	author = {Kulawiak, M. and Prospathopoulos, A. and Perivoliotis, L. and łuba, M. and Kioroglou, S. and Stepnowski, A.},
	month = aug,
	year = {2010},
	pages = {1069--1080},
	file = {1-s2.0-S0098300410001603-main.pdf:/home/olmozavala/.zotero/zotero/e6wfhum2.default/zotero/storage/446Q6T6S/1-s2.0-S0098300410001603-main.pdf:application/pdf}
}

@article{kalabokidis_virtual_2013,
	title = {Virtual Fire: A web-based {GIS} platform for forest fire control},
	volume = {16},
	issn = {15749541},
	shorttitle = {Virtual Fire},
	url = {http://linkinghub.elsevier.com/retrieve/pii/S1574954113000332},
	doi = {10.1016/j.ecoinf.2013.04.007},
	language = {en},
	urldate = {2014-08-07},
	journal = {Ecological Informatics},
	author = {Kalabokidis, Kostas and Athanasis, Nikolaos and Gagliardi, Fabrizio and Karayiannis, Fotis and Palaiologou, Palaiologos and Parastatidis, Savas and Vasilakos, Christos},
	month = jul,
	year = {2013},
	pages = {62--69},
	file = {1-s2.0-S1574954113000332-main.pdf:/home/olmozavala/.zotero/zotero/e6wfhum2.default/zotero/storage/CDI2MDGI/1-s2.0-S1574954113000332-main.pdf:application/pdf}
}

@article{kuhl_current_2007-1,
	title = {The Current Status of Breast {MR} Imaging Part I. Choice of Technique, Image Interpretation, Diagnostic Accuracy, and Transfer to Clinical Practice1},
	volume = {244},
	url = {http://radiology.rsna.org/content/244/2/356.short},
	number = {2},
	urldate = {2013-02-05},
	journal = {Radiology},
	author = {Kuhl, C.},
	year = {2007},
	pages = {356–378},
	file = {356.full.pdf:/home/olmozavala/.zotero/zotero/e6wfhum2.default/zotero/storage/MXFBFX6C/356.full.pdf:application/pdf}
}

@article{arbelaez_contour_2011,
	title = {Contour Detection and Hierarchical Image Segmentation},
	volume = {33},
	issn = {0162-8828, 2160-9292},
	url = {http://ieeexplore.ieee.org/lpdocs/epic03/wrapper.htm?arnumber=5557884},
	doi = {10.1109/TPAMI.2010.161},
	number = {5},
	urldate = {2012-06-13},
	journal = {{IEEE} Transactions on Pattern Analysis and Machine Intelligence},
	author = {Arbeláez, P and Maire, M and Fowlkes, C and Malik, J},
	month = may,
	year = {2011},
	pages = {898--916},
	file = {ieee11ContourDetectionAndHierarchicalSegmentation.pdf:/home/olmozavala/.zotero/zotero/e6wfhum2.default/zotero/storage/VIWKTS6T/ieee11ContourDetectionAndHierarchicalSegmentation.pdf:application/pdf}
}

@misc{center_for_history_and_new_media_zotero_????,
	title = {Zotero Quick Start Guide},
	url = {http://zotero.org/support/quick_start_guide},
	author = {{Center for History and New Media}}
}

@article{lankton_sparse_2009,
	title = {Sparse field methods-technical report},
	journal = {Georgia institute of tech},
	author = {Lankton, S.},
	year = {2009},
	file = {10.1.1.178.835.pdf:/home/olmozavala/.zotero/zotero/e6wfhum2.default/zotero/storage/UTWNXPWT/10.1.1.178.835.pdf:application/pdf;lankton-sfm-TR-2009_2.pdf:/home/olmozavala/.zotero/zotero/e6wfhum2.default/zotero/storage/6U3BJRIG/lankton-sfm-TR-2009_2.pdf:application/pdf}
}

@inproceedings{shi_breast_2008,
	title = {Breast mass segmentation on dynamic contrast-enhanced magnetic resonance scans using the level set method},
	volume = {6915},
	url = {https://proceedings.spiedigitallibrary.org/proceeding.aspx?doi=10.1117/12.771390},
	doi = {10.1117/12.771390},
	urldate = {2012-10-08},
	publisher = {{SPIE}},
	author = {Shi, Jiazheng and Sahiner, Berkman and Chan, Heang-Ping and Paramagul, Chintana and Hadjiiski, Lubomir M. and Helvie, Mark and Wu, Yi-Ta and Ge, Jun and Zhang, Yiheng and Zhou, Chuan and Wei, Jun},
	year = {2008},
	pages = {69152A--69152A-7},
	file = {16412476.pdf:/home/olmozavala/.zotero/zotero/e6wfhum2.default/zotero/storage/4QS9A8CU/16412476.pdf:application/pdf}
}

@article{zhang_image_2008,
	title = {Image segmentation evaluation: A survey of unsupervised methods},
	volume = {110},
	shorttitle = {Image segmentation evaluation},
	number = {2},
	journal = {Computer Vision and Image Understanding},
	author = {Zhang, H. and Fritts, J. E. and Goldman, S. A.},
	year = {2008},
	pages = {260–280},
	file = {seg_eval_survey_CVIU08.pdf:/home/olmozavala/.zotero/zotero/e6wfhum2.default/zotero/storage/4KRZJPPX/seg_eval_survey_CVIU08.pdf:application/pdf}
}

@article{de_la_beaujardiere_opengis_2006,
	title = {{OpenGIS} Web Map Server Implementation Specification},
	journal = {Open Geospatial Consortium Inc},
	author = {de la Beaujardiere, Jeff},
	year = {2006},
	file = {06-042_OpenGIS_Web_Map_Service_WMS_Implementation_Specification.pdf:/home/olmozavala/.zotero/zotero/e6wfhum2.default/zotero/storage/5TX5RC5T/06-042_OpenGIS_Web_Map_Service_WMS_Implementation_Specification.pdf:application/pdf}
}

@article{chunming_li_level_2011,
	title = {A Level Set Method for Image Segmentation in the Presence of Intensity Inhomogeneities With Application to {MRI}},
	volume = {20},
	issn = {1057-7149, 1941-0042},
	url = {http://ieeexplore.ieee.org/lpdocs/epic03/wrapper.htm?arnumber=5754584},
	doi = {10.1109/TIP.2011.2146190},
	number = {7},
	urldate = {2012-10-14},
	journal = {{IEEE} Transactions on Image Processing},
	author = {Chunming Li and Rui Huang and Zhaohua Ding and Gatenby, J C and Metaxas, D N and Gore, J C},
	month = jul,
	year = {2011},
	pages = {2007--2016},
	file = {05754584.pdf:/home/olmozavala/.zotero/zotero/e6wfhum2.default/zotero/storage/UPB5N3TK/05754584.pdf:application/pdf;05754584.pdf:/home/olmozavala/.zotero/zotero/e6wfhum2.default/zotero/storage/A2M47BRJ/05754584.pdf:application/pdf}
}

@inproceedings{zhang_medical_2008,
	title = {Medical Image Segmentation Using New Hybrid Level-Set Method},
	isbn = {978-0-7695-3284-4},
	url = {http://ieeexplore.ieee.org/lpdocs/epic03/wrapper.htm?arnumber=4618616},
	doi = {10.1109/MediVis.2008.12},
	urldate = {2012-06-13},
	publisher = {{IEEE}},
	author = {Zhang, Yan and Matuszewski, Bogdan J. and Shark, Lik-Kwan and Moore, Christopher J.},
	month = jul,
	year = {2008},
	pages = {71--76},
	file = {HybridLevel-Set3D.pdf:/home/olmozavala/.zotero/zotero/e6wfhum2.default/zotero/storage/JGIFF8X6/HybridLevel-Set3D.pdf:application/pdf;HybridLevel-Set3D.pdf:/home/olmozavala/.zotero/zotero/e6wfhum2.default/zotero/storage/QHJSSA92/HybridLevel-Set3D.pdf:application/pdf}
}

@article{malcolm_fast_2008,
	title = {Fast approximate surface evolution in arbitrary dimension},
	author = {Malcolm, J. G. and Rathi, Y. and Yezzi, A. and Tannenbaum, A. R.},
	year = {2008},
	file = {Fast approximate surface evolution in arbitrary dimension.pdf:/home/olmozavala/.zotero/zotero/e6wfhum2.default/zotero/storage/BTWMEM48/Fast approximate surface evolution in arbitrary dimension.pdf:application/pdf}
}

@article{shen_3d_2009,
	title = {3D Medical Image Segmentation by Multiple-Surface Active Volume Models},
	journal = {Medical Image Computing and Computer-Assisted Intervention–{MICCAI} 2009},
	author = {Shen, T. and Huang, X.},
	year = {2009},
	pages = {1059–1066},
	file = {MultiSurfaceActiveVolumes.pdf:/home/olmozavala/.zotero/zotero/e6wfhum2.default/zotero/storage/2QCTW66R/MultiSurfaceActiveVolumes.pdf:application/pdf}
}

@article{liu_fully_2010,
	title = {Fully automatic and segmentation-robust classification of breast tumors based on local texture analysis of ultrasound images},
	volume = {43},
	number = {1},
	journal = {Pattern Recognition},
	author = {Liu, B. and Cheng, H. D. and Huang, J. and Tian, J. and Tang, X. and Liu, J.},
	year = {2010},
	pages = {280–298},
	file = {1-s2.0-S0031320309002210-main.pdf:/home/olmozavala/.zotero/zotero/e6wfhum2.default/zotero/storage/WHMNTSIH/1-s2.0-S0031320309002210-main.pdf:application/pdf}
}

@article{tofts_estimating_1999,
	title = {Estimating kinetic parameters from dynamic contrast-enhanced T 1-weighted {MRI} of a diffusable tracer: standardized quantities and symbols},
	volume = {10},
	shorttitle = {Estimating kinetic parameters from dynamic contrast-enhanced T 1-weighted {MRI} of a diffusable tracer},
	url = {http://www.paul-tofts-phd.org.uk/CV/reprints/B118_tofts_consensus_jmri_1999.pdf},
	number = {3},
	urldate = {2013-02-04},
	journal = {Journal of Magnetic Resonance Imaging},
	author = {Tofts, P. S. and Brix, G. and Buckley, D. L. and Evelhoch, J. L. and Henderson, E. and Knopp, M. V. and Larsson, H. B. W. and Lee, T. Y. and Mayr, N. A. and Parker, G. J. M.},
	year = {1999},
	pages = {223–232},
	file = {(SICI)1522-2586(199909)10-3-223--AID-JMRI2-3.0.pdf:/home/olmozavala/.zotero/zotero/e6wfhum2.default/zotero/storage/JGFEMS56/(SICI)1522-2586(199909)10-3-223--AID-JMRI2-3.0.pdf:application/pdf}
}

@article{karnatak_spatial_2012,
	title = {Spatial mashup technology and real time data integration in geo-web application using open source {GIS} – a case study for disaster management},
	volume = {27},
	issn = {1010-6049, 1752-0762},
	url = {http://www.tandfonline.com/doi/abs/10.1080/10106049.2011.650651},
	doi = {10.1080/10106049.2011.650651},
	number = {6},
	urldate = {2013-06-20},
	journal = {Geocarto International},
	author = {Karnatak, Harish Chandra and Shukla, Reedhi and Sharma, Vinod Kumar and Murthy, Y.V.S. and Bhanumurthy, V.},
	month = oct,
	year = {2012},
	pages = {499--514},
	file = {10106049%2E2011%2E650651.pdf:/home/olmozavala/.zotero/zotero/e6wfhum2.default/zotero/storage/XHMR84NH/10106049%2E2011%2E650651.pdf:application/pdf}
}

@article{gkatzoflias_development_2013,
	title = {Development of a web {GIS} application for emissions inventory spatial allocation based on open source software tools},
	volume = {52},
	issn = {00983004},
	url = {http://linkinghub.elsevier.com/retrieve/pii/S0098300412003512},
	doi = {10.1016/j.cageo.2012.10.011},
	language = {en},
	urldate = {2014-08-11},
	journal = {Computers \& Geosciences},
	author = {Gkatzoflias, Dimitrios and Mellios, Giorgos and Samaras, Zissis},
	month = mar,
	year = {2013},
	pages = {21--33},
	file = {1-s2.0-S0098300412003512-main.pdf:/home/olmozavala/.zotero/zotero/e6wfhum2.default/zotero/storage/KTT538VQ/1-s2.0-S0098300412003512-main.pdf:application/pdf}
}

@article{markus_styled_2007,
	title = {Styled Layer Descriptor profile of the Web Map Service Implementation Specification},
	url = {http://www.opengeospatial.org/},
	journal = {Open Geospatial Consortium Inc},
	author = {Markus, Lupp},
	year = {2007},
	note = {{OGC} 05-078r4},
	file = {05-078r4_Styled_Layer_Descriptor_Profile_of_the_Web_Map_Service_Implementation_Specification.pdf:/home/olmozavala/.zotero/zotero/e6wfhum2.default/zotero/storage/52QMWFDV/05-078r4_Styled_Layer_Descriptor_Profile_of_the_Web_Map_Service_Implementation_Specification.pdf:application/pdf}
}

@article{baumann_ogc_2010,
	title = {The {OGC} web coverage processing service ({WCPS}) standard},
	volume = {14},
	issn = {1384-6175, 1573-7624},
	url = {http://link.springer.com/10.1007/s10707-009-0087-2},
	doi = {10.1007/s10707-009-0087-2},
	language = {en},
	number = {4},
	urldate = {2014-08-08},
	journal = {{GeoInformatica}},
	author = {Baumann, Peter},
	month = oct,
	year = {2010},
	pages = {447--479},
	file = {art%3A10.1007%2Fs10707-009-0087-2.pdf:/home/olmozavala/.zotero/zotero/e6wfhum2.default/zotero/storage/8BN8ZF89/art%3A10.1007%2Fs10707-009-0087-2.pdf:application/pdf}
}

@article{ojala_accurate_2001,
	title = {Accurate segmentation of the breast region from digitized mammograms},
	volume = {25},
	number = {1},
	journal = {Computerized Medical Imaging and Graphics},
	author = {Ojala, T. and Näppi, J. and Nevalainen, O.},
	year = {2001},
	pages = {47–59},
	file = {1-s2.0-S0895611100000367-main.pdf:/home/olmozavala/.zotero/zotero/e6wfhum2.default/zotero/storage/7DCNTMBS/1-s2.0-S0895611100000367-main.pdf:application/pdf}
}

@article{vag_kinetic_2010,
	title = {Kinetic analysis of lesions without mass effect on breast {MRI} using manual and computer-assisted methods},
	volume = {21},
	issn = {0938-7994, 1432-1084},
	url = {http://www.springerlink.com/index/10.1007/s00330-010-2001-6},
	doi = {10.1007/s00330-010-2001-6},
	number = {5},
	urldate = {2012-10-09},
	journal = {European Radiology},
	author = {Vag, Tibor and Baltzer, Pascal A. T. and Dietzel, Matthias and Zoubi, Ramy and Gajda, Mieczyslaw and Camara, Oumar and Kaiser, Werner A.},
	month = nov,
	year = {2010},
	pages = {893--898},
	file = {fulltext (3).pdf:/home/olmozavala/.zotero/zotero/e6wfhum2.default/zotero/storage/9GUWE5PU/fulltext (3).pdf:application/pdf}
}

@article{smigal_trends_2009,
	title = {Trends in breast cancer by race and ethnicity: update 2006},
	volume = {56},
	shorttitle = {Trends in breast cancer by race and ethnicity},
	url = {http://onlinelibrary.wiley.com/doi/10.3322/canjclin.56.3.168/full},
	number = {3},
	urldate = {2013-01-24},
	journal = {{CA}: a cancer journal for clinicians},
	author = {Smigal, C. and Jemal, A. and Ward, E. and Cokkinides, V. and Smith, R. and Howe, H. L. and Thun, M.},
	year = {2009},
	pages = {168–183},
	file = {168_ftp.pdf:/home/olmozavala/.zotero/zotero/e6wfhum2.default/zotero/storage/3RIBPTUQ/168_ftp.pdf:application/pdf}
}

@article{caselles_geodesic_1997,
	title = {Geodesic active contours},
	volume = {22},
	number = {1},
	journal = {International journal of computer vision},
	author = {Caselles, V. and Kimmel, R. and Sapiro, G.},
	year = {1997},
	pages = {61–79},
	file = {3DActiveCountours.pdf:/home/olmozavala/.zotero/zotero/e6wfhum2.default/zotero/storage/WJ4P2TPZ/3DActiveCountours.pdf:application/pdf}
}

@article{chen_histogram_2008,
	title = {Histogram partition and interval thresholding for volumetric breast tissue segmentation},
	volume = {32},
	number = {1},
	journal = {Computerized Medical Imaging and Graphics},
	author = {Chen, Z.},
	year = {2008},
	pages = {1–10},
	file = {1-s2.0-S0895611107001097-main.pdf:/home/olmozavala/.zotero/zotero/e6wfhum2.default/zotero/storage/7K6KKU22/1-s2.0-S0895611107001097-main.pdf:application/pdf}
}

@article{heimann_statistical_2009,
	title = {Statistical shape models for 3D medical image segmentation: A review},
	volume = {13},
	issn = {13618415},
	shorttitle = {Statistical shape models for 3D medical image segmentation},
	url = {http://linkinghub.elsevier.com/retrieve/pii/S1361841509000425},
	doi = {10.1016/j.media.2009.05.004},
	number = {4},
	urldate = {2014-01-21},
	journal = {Medical Image Analysis},
	author = {Heimann, Tobias and Meinzer, Hans-Peter},
	month = aug,
	year = {2009},
	pages = {543--563},
	file = {1-s2.0-S1361841509000425-main.pdf:/home/olmozavala/.zotero/zotero/e6wfhum2.default/zotero/storage/ZFI6F4EK/1-s2.0-S1361841509000425-main.pdf:application/pdf}
}

@book{schonlieb_applying_????,
	title = {Applying Modern {PDE} Techniques to Digital Image Restoration},
	url = {http://www.mathworks.co.uk/company/newsletters/articles/applying-modern-pde-techniques-to-digital-image-restoration.html},
	urldate = {2012-11-12},
	author = {Schönlieb, C. B.},
	file = {71412_91992v00_applying-modern-pde-techniques-to-digital-image-restoration.pdf:/home/olmozavala/.zotero/zotero/e6wfhum2.default/zotero/storage/TDSF2VP3/71412_91992v00_applying-modern-pde-techniques-to-digital-image-restoration.pdf:application/pdf}
}

@inproceedings{aleman-flores_computerized_2005,
	title = {Computerized ultrasound characterization of breast tumors},
	volume = {1281},
	booktitle = {International Congress Series},
	author = {Aleman-Flores, M. and Alemán-Flores, P. and Álvarez-León, L. and Esteban-Sanchez, M. B. and Fuentes-Pavon, R. and Santana-Montesdeoca, J. M.},
	year = {2005},
	pages = {1063–1068},
	file = {1-s2.0-S0531513105004176-main.pdf:/home/olmozavala/.zotero/zotero/e6wfhum2.default/zotero/storage/TSRTMCEZ/1-s2.0-S0531513105004176-main.pdf:application/pdf}
}

@article{horsch_simple_1985,
	title = {A simple and general method for transferring genes into plants},
	volume = {227},
	url = {http://adsabs.harvard.edu/abs/1985Sci...227.1229H%EF%BF%BD%C3%9C%EF%BF%BD%C3%9C},
	urldate = {2013-02-20},
	journal = {Science},
	author = {Horsch, R. B. and Fry, J. E. and Hoffmann, N. L. and Eichholtz, D. and Rogers, S. G. and and Fraley, R. T.},
	year = {1985},
	pages = {1229–1231},
	file = {CudaActCountReport.pdf:/home/olmozavala/.zotero/zotero/e6wfhum2.default/zotero/storage/M34H9NZP/CudaActCountReport.pdf:application/pdf}
}

@phdthesis{ortiz_automatic_2011,
	title = {Automatic 3D segmentation of the breast in {MRI}},
	url = {https://tspace.library.utoronto.ca/handle/1807/30619},
	urldate = {2012-10-14},
	school = {University of Toronto},
	author = {Ortiz, C. G.},
	year = {2011},
	file = {Gallego_Cristina_201111_MSc_thesis.pdf:/home/olmozavala/.zotero/zotero/e6wfhum2.default/zotero/storage/TNZZZNI3/Gallego_Cristina_201111_MSc_thesis.pdf:application/pdf}
}

@article{raper_designing_1999,
	title = {Designing for Electromagnetic Interference ({EMI}) Compliance},
	volume = {22507},
	journal = {{AMD} Publication},
	author = {Raper, T. and Knauber, S.},
	year = {1999},
	file = {ATI_Stream_SDK_OpenCL_Programming_Guide.pdf:/home/olmozavala/.zotero/zotero/e6wfhum2.default/zotero/storage/35XU9XMT/ATI_Stream_SDK_OpenCL_Programming_Guide.pdf:application/pdf}
}

@inproceedings{bandyophadyay_integrated_2012,
	title = {Integrated visualization of distributed spatial databases An open source Web-{GIS} approach},
	url = {http://ieeexplore.ieee.org/xpls/abs_all.jsp?arnumber=6194600},
	urldate = {2013-06-20},
	booktitle = {Recent Advances in Information Technology ({RAIT}), 2012 1st International Conference on},
	author = {Bandyophadyay, M. and Pratap Singh, M. and Singh, V.},
	year = {2012},
	pages = {619–621},
	file = {06194600.pdf:/home/olmozavala/.zotero/zotero/e6wfhum2.default/zotero/storage/TF56S5S8/06194600.pdf:application/pdf}
}

@inproceedings{sharma_cuda_2009,
	title = {{CUDA} based level set method for 3D reconstruction of fishes from large acoustic data},
	booktitle = {International Conference in Central Europe on Computer Graphics, Visualization and Computer Vision 17},
	author = {Sharma, O. and Anton, F.},
	year = {2009},
	file = {CUDAactivecontours.pdf:/home/olmozavala/.zotero/zotero/e6wfhum2.default/zotero/storage/7FFPGUUB/CUDAactivecontours.pdf:application/pdf}
}

@article{cohen_chan-vese_2011,
	title = {The Chan-Vese Algorithm},
	journal = {Arxiv preprint {arXiv}:1107.2782},
	author = {Cohen, R.},
	year = {2011},
	file = {chan_vese.pdf:/home/olmozavala/.zotero/zotero/e6wfhum2.default/zotero/storage/HHC6XQ4R/chan_vese.pdf:application/pdf}
}

@article{sun_development_2012,
	title = {Development of a Web-based visualization platform for climate research using Google Earth},
	volume = {47},
	issn = {00983004},
	url = {http://linkinghub.elsevier.com/retrieve/pii/S0098300411003104},
	doi = {10.1016/j.cageo.2011.09.010},
	language = {en},
	urldate = {2014-08-07},
	journal = {Computers \& Geosciences},
	author = {Sun, Xiaojuan and Shen, Suhung and Leptoukh, Gregory G. and Wang, Panxing and Di, Liping and Lu, Mingyue},
	month = oct,
	year = {2012},
	pages = {160--168},
	file = {1-s2.0-S0098300411003104-main.pdf:/home/olmozavala/.zotero/zotero/e6wfhum2.default/zotero/storage/DAFX34EX/1-s2.0-S0098300411003104-main.pdf:application/pdf}
}

@article{dragicevic_potential_2004,
	title = {The potential of Web-based {GIS}},
	volume = {6},
	issn = {1435-5930, 1435-5949},
	url = {http://link.springer.com/10.1007/s10109-004-0133-4},
	doi = {10.1007/s10109-004-0133-4},
	language = {en},
	number = {2},
	urldate = {2014-08-07},
	journal = {Journal of Geographical Systems},
	author = {Dragićević, Suzana},
	month = jun,
	year = {2004},
	pages = {79--81},
	file = {1.pdf:/home/olmozavala/.zotero/zotero/e6wfhum2.default/zotero/storage/QNFFK3DF/1.pdf:application/pdf}
}

@inproceedings{jayender_automatic_2012,
	title = {Automatic segmentation of breast carcinomas from {DCE}-{MRI} using a Statistical Learning Algorithm},
	url = {http://ieeexplore.ieee.org/xpls/abs_all.jsp?arnumber=6235499},
	urldate = {2012-10-09},
	booktitle = {Biomedical Imaging ({ISBI}), 2012 9th {IEEE} International Symposium on},
	author = {Jayender, J. and Vosburgh, K. G. and Gombos, E. and Ashraf, A. and Kontos, D. and Gavenonis, S. C. and Jolesz, F. A. and Pohl, K.},
	year = {2012},
	pages = {122–125},
	file = {06235499.pdf:/home/olmozavala/.zotero/zotero/e6wfhum2.default/zotero/storage/E5JMZA5Z/06235499.pdf:application/pdf}
}

@inproceedings{pryor_fast_2007,
	title = {Fast optimal mass transport for dynamic active contour tracking on the {GPU}},
	booktitle = {Decision and Control, 2007 46th {IEEE} Conference on},
	author = {Pryor, G. and Lankton, S. and Vela, P. A. and Tannenbaum, A. and others},
	year = {2007},
	pages = {2681–2688},
	file = {TrackingGPU2007.pdf:/home/olmozavala/.zotero/zotero/e6wfhum2.default/zotero/storage/ICNR56A2/TrackingGPU2007.pdf:application/pdf}
}

@article{mccool_pragis:_2014,
	title = {{PRAGIS}: a test case for a web-based archaeological {GIS}},
	volume = {41},
	issn = {03054403},
	shorttitle = {{PRAGIS}},
	url = {http://linkinghub.elsevier.com/retrieve/pii/S0305440313002963},
	doi = {10.1016/j.jas.2013.07.037},
	language = {en},
	urldate = {2014-08-07},
	journal = {Journal of Archaeological Science},
	author = {McCool, Jon-Paul P.},
	month = jan,
	year = {2014},
	pages = {133--139},
	file = {1-s2.0-S0305440313002963-main.pdf:/home/olmozavala/.zotero/zotero/e6wfhum2.default/zotero/storage/BE6DAZV6/1-s2.0-S0305440313002963-main.pdf:application/pdf}
}

@article{rueckert_nonrigid_1999,
	title = {Nonrigid registration using free-form deformations: application to breast {MR} images},
	volume = {18},
	shorttitle = {Nonrigid registration using free-form deformations},
	url = {http://ieeexplore.ieee.org/xpls/abs_all.jsp?arnumber=796284},
	number = {8},
	urldate = {2012-10-14},
	journal = {Medical Imaging, {IEEE} Transactions on},
	author = {Rueckert, D. and Sonoda, L. I. and Hayes, C. and Hill, D. L. G. and Leach, M. O. and Hawkes, D. J.},
	year = {1999},
	pages = {712–721},
	file = {00796284.pdf:/home/olmozavala/.zotero/zotero/e6wfhum2.default/zotero/storage/SEAJG8GX/00796284.pdf:application/pdf}
}

@article{chan_active_2000,
	title = {Active Contours without Edges for Vector-Valued Images},
	volume = {11},
	issn = {10473203},
	url = {http://linkinghub.elsevier.com/retrieve/pii/S104732039990442X},
	doi = {10.1006/jvci.1999.0442},
	number = {2},
	urldate = {2012-06-13},
	journal = {Journal of Visual Communication and Image Representation},
	author = {Chan, Tony F. and Sandberg, B.Yezrielev and Vese, Luminita A.},
	month = jun,
	year = {2000},
	pages = {130--141},
	file = {Active Contours without Edges for Vector-Valued Images.pdf:/home/olmozavala/.zotero/zotero/e6wfhum2.default/zotero/storage/EJ9AIINN/Active Contours without Edges for Vector-Valued Images.pdf:application/pdf}
}

@article{steiniger_2012_2013,
	title = {The 2012 free and open source {GIS} software map – A guide to facilitate research, development, and adoption},
	volume = {39},
	issn = {01989715},
	url = {http://linkinghub.elsevier.com/retrieve/pii/S0198971512000890},
	doi = {10.1016/j.compenvurbsys.2012.10.003},
	language = {en},
	urldate = {2014-08-07},
	journal = {Computers, Environment and Urban Systems},
	author = {Steiniger, Stefan and Hunter, Andrew J.S.},
	month = may,
	year = {2013},
	pages = {136--150},
	file = {1-s2.0-S0198971512000890-main.pdf:/home/olmozavala/.zotero/zotero/e6wfhum2.default/zotero/storage/CQA5BN9C/1-s2.0-S0198971512000890-main.pdf:application/pdf}
}

@article{whitaker_level-set_1998,
	title = {A level-set approach to 3D reconstruction from range data},
	volume = {29},
	url = {http://www.springerlink.com/index/J4P3282151730810.pdf},
	number = {3},
	urldate = {2013-02-06},
	journal = {International Journal of Computer Vision},
	author = {Whitaker, R. T.},
	year = {1998},
	pages = {203–231},
	file = {10.1.1.122.9531.pdf:/home/olmozavala/.zotero/zotero/e6wfhum2.default/zotero/storage/PT3A7WKA/10.1.1.122.9531.pdf:application/pdf}
}

@article{renz_detection_2012,
	title = {Detection and classification of contrast-enhancing masses by a fully automatic computer-assisted diagnosis system for breast {MRI}},
	volume = {35},
	issn = {10531807},
	url = {http://doi.wiley.com/10.1002/jmri.23516},
	doi = {10.1002/jmri.23516},
	number = {5},
	urldate = {2012-10-09},
	journal = {Journal of Magnetic Resonance Imaging},
	author = {Renz, Diane M. and Böttcher, Joachim and Diekmann, Felix and Poellinger, Alexander and Maurer, Martin H. and Pfeil, Alexander and Streitparth, Florian and Collettini, Federico and Bick, Ulrich and Hamm, Bernd and Fallenberg, Eva M.},
	month = may,
	year = {2012},
	pages = {1077--1088},
	file = {23516_ftp.pdf:/home/olmozavala/.zotero/zotero/e6wfhum2.default/zotero/storage/NM54JQ3C/23516_ftp.pdf:application/pdf}
}

@article{althuis_global_2005,
	title = {Global trends in breast cancer incidence and mortality 1973–1997},
	volume = {34},
	url = {http://ije.oxfordjournals.org/content/34/2/405.short},
	number = {2},
	urldate = {2013-02-20},
	journal = {International journal of epidemiology},
	author = {Althuis, Michelle D. and Dozier, Jaclyn M. and Anderson, William F. and Devesa, Susan S. and Brinton, Louise A.},
	year = {2005},
	pages = {405–412},
	file = {Int. J. Epidemiol.-2005-Althuis-405-12.pdf:/home/olmozavala/.zotero/zotero/e6wfhum2.default/zotero/storage/XNEKVQHU/Int. J. Epidemiol.-2005-Althuis-405-12.pdf:application/pdf}
}

@article{chen_fuzzy_2006,
	title = {A Fuzzy C-Means ({FCM})-Based Approach for Computerized Segmentation of Breast Lesions in Dynamic Contrast-Enhanced {MR} Images1},
	volume = {13},
	issn = {10766332},
	url = {http://linkinghub.elsevier.com/retrieve/pii/S1076633205008032},
	doi = {10.1016/j.acra.2005.08.035},
	number = {1},
	urldate = {2012-10-09},
	journal = {Academic Radiology},
	author = {Chen, Weijie and Giger, Maryellen L. and Bick, Ulrich},
	month = jan,
	year = {2006},
	pages = {63--72},
	file = {1-s2.0-S1076633205008032-main.pdf:/home/olmozavala/.zotero/zotero/e6wfhum2.default/zotero/storage/7SRGD596/1-s2.0-S1076633205008032-main.pdf:application/pdf;1-s2.0-S1076633205008032-main.pdf:/home/olmozavala/.zotero/zotero/e6wfhum2.default/zotero/storage/RCM5DX5S/1-s2.0-S1076633205008032-main.pdf:application/pdf}
}

@inproceedings{agner_segmentation_2009,
	title = {Segmentation and classification of triple negative breast cancers using {DCE}-{MRI}},
	url = {http://ieeexplore.ieee.org/xpls/abs_all.jsp?arnumber=5193283},
	urldate = {2012-10-09},
	booktitle = {Biomedical Imaging: From Nano to Macro, 2009. {ISBI}'09. {IEEE} International Symposium on},
	author = {Agner, S. C. and Xu, J. and Fatakdawala, H. and Ganesan, S. and Madabhushi, A. and Englander, S. and Rosen, M. and Thomas, K. and Schnall, M. and Feldman, M. and others},
	year = {2009},
	pages = {1227–1230},
	file = {05193283.pdf:/home/olmozavala/.zotero/zotero/e6wfhum2.default/zotero/storage/PB9T48FX/05193283.pdf:application/pdf}
}

@book{lim_automated_2005,
	title = {Automated web gis based hydrograph analysis tool, {WHAT}1},
	url = {http://onlinelibrary.wiley.com/doi/10.1111/j.1752-1688.2005.tb03808.x/abstract},
	urldate = {2014-08-07},
	publisher = {Wiley Online Library},
	author = {Lim, Kyoung Jae and Engel, Bernard A. and Tang, Zhenxu and Choi, Joongdae and Kim, Ki-Sung and Muthukrishnan, Suresh and Tripathy, Dibyajyoti},
	year = {2005},
	file = {j.1752-1688.2005.tb03808.x.pdf:/home/olmozavala/.zotero/zotero/e6wfhum2.default/zotero/storage/ECIPC3ZW/j.1752-1688.2005.tb03808.x.pdf:application/pdf}
}

@misc{_thelevelsetmethod.pdf_????,
	title = {{TheLevelSetMethod}.pdf},
	file = {TheLevelSetMethod.pdf:/home/olmozavala/.zotero/zotero/e6wfhum2.default/zotero/storage/N7AWJ39W/TheLevelSetMethod.pdf:application/pdf}
}

@inproceedings{zhang_kernel-based_2003,
	title = {Kernel-based fuzzy and possibilistic c-means clustering},
	url = {http://parnec.nuaa.edu.cn/papers/conference/2003/dqzhang-ICANN03.pdf},
	urldate = {2012-09-24},
	booktitle = {Proceedings of the International Conference Artificial Neural Network},
	author = {Zhang, D. Q. and Chen, S. C.},
	year = {2003},
	pages = {122–125},
	file = {dqzhang-ICANN03.pdf:/home/olmozavala/.zotero/zotero/e6wfhum2.default/zotero/storage/93KQ54F6/dqzhang-ICANN03.pdf:application/pdf}
}

@article{tsou_free_2011,
	title = {Free and Open Source software for {GIS} education},
	url = {http://www.grossmont.edu/judd.curran/OpenSource_GIS.pdf},
	urldate = {2014-08-08},
	journal = {Unpublished White Paper Prepared for the {GeoTech} Center (available at http://www. iapad. org/publications/ppgis/tsou\_free-{GIS}-for-educators-whitepaper. pdf)},
	author = {Tsou, Ming-Hsiang and Smith, Jennifer},
	year = {2011},
	file = {OpenSource_GIS.pdf:/home/olmozavala/.zotero/zotero/e6wfhum2.default/zotero/storage/NC5QICT7/OpenSource_GIS.pdf:application/pdf}
}

@book{wright_coastal_2010,
	title = {Coastal Informatics},
	isbn = {9781615208159, 9781615208166},
	url = {http://services.igi-global.com/resolvedoi/resolve.aspx?doi=10.4018/978-1-61520-815-9},
	urldate = {2013-06-20},
	publisher = {{IGI} Global},
	editor = {Wright, Dawn and Dwyer, Ned and Cummins, Valerie},
	month = jul,
	year = {2010},
	file = {Chap7MIDA.pdf:/home/olmozavala/.zotero/zotero/e6wfhum2.default/zotero/storage/W5KRT4G6/Chap7MIDA.pdf:application/pdf}
}

@inproceedings{yin_3d_2009,
	title = {3D level set model for medical image segmentation},
	url = {http://ieeexplore.ieee.org/xpls/abs_all.jsp?arnumber=5405905},
	urldate = {2013-02-20},
	booktitle = {{BioMedical} Information Engineering, 2009. {FBIE} 2009. International Conference on Future},
	author = {Yin, Guisheng and Lin, Ying and Wang, Yuhua},
	year = {2009},
	pages = {268–271},
	file = {3DBrainLevSetSeg.pdf:/home/olmozavala/.zotero/zotero/e6wfhum2.default/zotero/storage/2APAITVH/3DBrainLevSetSeg.pdf:application/pdf}
}

@article{zhao_variational_1996,
	title = {A variational level set approach to multiphase motion},
	volume = {127},
	number = {1},
	journal = {Journal of computational physics},
	author = {Zhao, H. K. and Chan, T. and Merriman, B. and Osher, S.},
	year = {1996},
	pages = {179–195},
	file = {LevelSetUsedForActiveContours.pdf:/home/olmozavala/.zotero/zotero/e6wfhum2.default/zotero/storage/DFUKIUZT/LevelSetUsedForActiveContours.pdf:application/pdf}
}

@incollection{steiniger_free_2012,
	title = {Free and open source {GIS} software for building a spatial data infrastructure},
	urldate = {2013-06-20},
	booktitle = {Geospatial Free and Open Source Software in the 21st Century},
	publisher = {Springer},
	author = {Steiniger, Stefan and Hunter, Andrew JS},
	year = {2012},
	pages = {247–261},
	file = {sstein_hunter_fosgis4sdi_v10_final.pdf:/home/olmozavala/.zotero/zotero/e6wfhum2.default/zotero/storage/2JWANKH3/sstein_hunter_fosgis4sdi_v10_final.pdf:application/pdf}
}

@inproceedings{ling_hierarchical_2008,
	title = {Hierarchical, learning-based automatic liver segmentation},
	urldate = {2012-10-16},
	booktitle = {Computer Vision and Pattern Recognition, 2008. {CVPR} 2008. {IEEE} Conference on},
	author = {Ling, H. and Zhou, S. K. and Zheng, Y. and Georgescu, B. and Suehling, M. and Comaniciu, D.},
	year = {2008},
	pages = {1–8},
	file = {liver-3.pdf:/home/olmozavala/.zotero/zotero/e6wfhum2.default/zotero/storage/TZPIHGTZ/liver-3.pdf:application/pdf}
}

@book{hazzard_openlayers_2011,
	address = {Birmingham, {UK}},
	title = {{OpenLayers} 2.10: Create, optimize, and deploy stunning crossbrowser web maps with {OpenLayers} {JavaScript} web-mapping library \_ Beginner's Guide},
	isbn = {9781849514132  1849514135},
	url = {http://search.ebscohost.com/login.aspx?direct=true&scope=site&db=nlebk&db=nlabk&AN=365664},
	abstract = {Annotation},
	language = {English},
	urldate = {2014-08-08},
	publisher = {Packt},
	author = {Hazzard, Erik},
	year = {2011},
	file = {openlayers_2.10.pdf:/home/olmozavala/.zotero/zotero/e6wfhum2.default/zotero/storage/Q65RM5P7/openlayers_2.10.pdf:application/pdf}
}

@article{zavala-hidalgo_digital_2010,
	title = {Digital Atlas of Mexico Provides Accessible Climate Information},
	volume = {91},
	url = {http://onlinelibrary.wiley.com/doi/10.1029/2010EO140001/abstract},
	number = {14},
	urldate = {2013-10-29},
	journal = {Eos, Transactions American Geophysical Union},
	author = {Zavala-Hidalgo, Jorge and Fern{\textbackslash}'\{a\}ndez-Eguiarte, Agustin and Romero-Centeno, Rosario and Zavala-Romero, Olmo},
	year = {2010},
	pages = {125–126},
	file = {EOS_DCAM_2010.pdf:/home/olmozavala/.zotero/zotero/e6wfhum2.default/zotero/storage/P9MFER3W/EOS_DCAM_2010.pdf:application/pdf}
}

@inproceedings{sigg_signed_2003,
	title = {Signed distance transform using graphics hardware},
	booktitle = {Visualization, 2003. {VIS} 2003. {IEEE}},
	author = {Sigg, C. and Peikert, R. and Gross, M.},
	year = {2003},
	pages = {83–90},
	file = {ParallelEuclideanDisance.pdf:/home/olmozavala/.zotero/zotero/e6wfhum2.default/zotero/storage/ISB7EF78/ParallelEuclideanDisance.pdf:application/pdf;SDFonGPU03.pdf:/home/olmozavala/.zotero/zotero/e6wfhum2.default/zotero/storage/U28QBC3W/SDFonGPU03.pdf:application/pdf}
}

@article{blower_web_2013,
	title = {A Web Map Service implementation for the visualization of multidimensional gridded environmental data},
	volume = {47},
	issn = {13648152},
	url = {http://linkinghub.elsevier.com/retrieve/pii/S1364815213000947},
	doi = {10.1016/j.envsoft.2013.04.002},
	urldate = {2013-07-01},
	journal = {Environmental Modelling \& Software},
	author = {Blower, J.D. and Gemmell, A.L. and Griffiths, G.H. and Haines, K. and Santokhee, A. and Yang, X.},
	month = sep,
	year = {2013},
	pages = {218--224},
	file = {Blower et al. - 2013 - A Web Map Service implementation for the visualiza.pdf:/home/olmozavala/.zotero/zotero/e6wfhum2.default/zotero/storage/23WJS9TK/Blower et al. - 2013 - A Web Map Service implementation for the visualiza.pdf:application/pdf}
}

@inproceedings{wang_fully_2012,
	title = {Fully automatic breast segmentation in 3D breast {MRI}},
	url = {http://ieeexplore.ieee.org/xpls/abs_all.jsp?arnumber=6235732},
	urldate = {2012-10-09},
	booktitle = {Biomedical Imaging ({ISBI}), 2012 9th {IEEE} International Symposium on},
	author = {Wang, L. and Platel, B. and Ivanovskaya, T. and Harz, M. and Hahn, H. K.},
	year = {2012},
	pages = {1024–1027},
	file = {06235732.pdf:/home/olmozavala/.zotero/zotero/e6wfhum2.default/zotero/storage/UMFIZ9U5/06235732.pdf:application/pdf}
}

@article{sonnweber_new_2013,
	title = {A New Method for the Analysis of Soft Tissues with Data Acquired under Field Conditions},
	volume = {8},
	issn = {1932-6203},
	url = {http://dx.plos.org/10.1371/journal.pone.0067521},
	doi = {10.1371/journal.pone.0067521},
	number = {6},
	urldate = {2013-07-01},
	journal = {{PLoS} {ONE}},
	author = {Sonnweber, Ruth S. and Stobbe, Nina and Zavala Romero, Olmo and Slice, Dennis E. and Fieder, Martin and Wallner, Bernard},
	editor = {Evans, Alistair Robert},
	month = jun,
	year = {2013},
	pages = {e67521},
	file = {A New Method for the Analysis of Soft Tissues with Data  Acquired under Field Conditions.pdf:/home/olmozavala/.zotero/zotero/e6wfhum2.default/zotero/storage/F43M4R9Z/A New Method for the Analysis of Soft Tissues with Data  Acquired under Field Conditions.pdf:application/pdf}
}

@article{bojsen-hansen_active_????,
	title = {Active Contours without Edges on the {GPU}},
	author = {Bojsen-Hansen, M.},
	file = {CUDA_ActiveContoursWithoutEdges_2010.pdf:/home/olmozavala/.zotero/zotero/e6wfhum2.default/zotero/storage/8EFCJFHG/CUDA_ActiveContoursWithoutEdges_2010.pdf:application/pdf}
}

@article{bray_changing_2004,
	title = {The changing global patterns of female breast cancer incidence and mortality},
	volume = {4},
	url = {http://www.biomedcentral.com/content/pdf/bcr932.pdf},
	urldate = {2013-01-30},
	journal = {childhood},
	author = {Bray, F. and McCarron, P. and Parkin, D. M.},
	year = {2004},
	pages = {5},
	file = {bcr932.pdf:/home/olmozavala/.zotero/zotero/e6wfhum2.default/zotero/storage/TCGUWTTS/bcr932.pdf:application/pdf}
}

@article{neteler_grass_2012,
	title = {{GRASS} {GIS}: A multi-purpose open source {GIS}},
	volume = {31},
	issn = {13648152},
	shorttitle = {{GRASS} {GIS}},
	url = {http://linkinghub.elsevier.com/retrieve/pii/S1364815211002775},
	doi = {10.1016/j.envsoft.2011.11.014},
	language = {en},
	urldate = {2014-08-07},
	journal = {Environmental Modelling \& Software},
	author = {Neteler, Markus and Bowman, M. Hamish and Landa, Martin and Metz, Markus},
	month = may,
	year = {2012},
	pages = {124--130},
	file = {1-s2.0-S1364815211002775-main.pdf:/home/olmozavala/.zotero/zotero/e6wfhum2.default/zotero/storage/2D3GRFXC/1-s2.0-S1364815211002775-main.pdf:application/pdf}
}

@inproceedings{ladicky_associative_2009,
	title = {Associative hierarchical crfs for object class image segmentation},
	booktitle = {Computer Vision, 2009 {IEEE} 12th International Conference on},
	author = {Ladicky, L. and Russell, C. and Kohli, P. and Torr, P. H. S.},
	year = {2009},
	pages = {739–746},
	file = {iccv09Associative_Hierarchhhical_CRF.pdf:/home/olmozavala/.zotero/zotero/e6wfhum2.default/zotero/storage/662ZHRVX/iccv09Associative_Hierarchhhical_CRF.pdf:application/pdf}
}

@inproceedings{chen_fast_2011,
	title = {A Fast Exact Euclidean Distance Transform Algorithm},
	isbn = {978-1-4577-1560-0},
	url = {http://ieeexplore.ieee.org/lpdocs/epic03/wrapper.htm?arnumber=6005530},
	doi = {10.1109/ICIG.2011.34},
	urldate = {2012-06-13},
	publisher = {{IEEE}},
	author = {Chen, Shuang and Li, Junli and Wang, Xiuying},
	month = aug,
	year = {2011},
	pages = {45--49},
	file = {FastEuclideanDistance11.pdf:/home/olmozavala/.zotero/zotero/e6wfhum2.default/zotero/storage/BRWFRUAD/FastEuclideanDistance11.pdf:application/pdf}
}

@article{takei_active_????,
	title = {Active Contours Without Edges and Image Segmentation},
	author = {Takei, R.},
	file = {Active_Contours_Without_Edges_Paper_and_MATLAB.pdf:/home/olmozavala/.zotero/zotero/e6wfhum2.default/zotero/storage/GMFFPG8U/Active_Contours_Without_Edges_Paper_and_MATLAB.pdf:application/pdf}
}

@article{zheng_step:_2009,
	title = {{STEP}: Spatiotemporal enhancement pattern for {MR}-based breast tumor diagnosis},
	volume = {36},
	issn = {00942405},
	shorttitle = {{STEP}},
	url = {http://link.aip.org/link/MPHYA6/v36/i7/p3192/s1&Agg=doi},
	doi = {10.1118/1.3151811},
	number = {7},
	urldate = {2012-10-15},
	journal = {Medical Physics},
	author = {Zheng, Yuanjie and Englander, Sarah and Baloch, Sajjad and Zacharaki, Evangelia I. and Fan, Yong and Schnall, Mitchell D. and Shen, Dinggang},
	year = {2009},
	pages = {3192},
	file = {MPHYA6-000036-003192_1.pdf:/home/olmozavala/.zotero/zotero/e6wfhum2.default/zotero/storage/8K99VU88/MPHYA6-000036-003192_1.pdf:application/pdf}
}

@inproceedings{makino_web-gis-based_2012,
	title = {Web-{GIS}-based emergency rescue to track triage information—System configuration and experimental results},
	url = {http://ieeexplore.ieee.org/xpls/abs_all.jsp?arnumber=6409773},
	urldate = {2013-06-20},
	booktitle = {Ubiquitous Positioning, Indoor Navigation, and Location Based Service ({UPINLBS}), 2012},
	author = {Makino, Hideo and Hatanaka, Masaki and Abe, Satoshi and Komatsu, Kohei and Imai, Hiroei and Nishimori, Kentaro and Takahashi, Masashi and Kinoshita, Hidenori},
	year = {2012},
	pages = {1–4},
	file = {06409773.pdf:/home/olmozavala/.zotero/zotero/e6wfhum2.default/zotero/storage/P65ERHAP/06409773.pdf:application/pdf}
}

@article{kannan_improved_2010,
	title = {Improved Fuzzy Clustering Algorithms in Segmentation of {DC}-enhanced breast {MRI}},
	volume = {36},
	issn = {0148-5598, 1573-689X},
	url = {http://www.springerlink.com/index/10.1007/s10916-010-9478-z},
	doi = {10.1007/s10916-010-9478-z},
	number = {1},
	urldate = {2012-09-24},
	journal = {Journal of Medical Systems},
	author = {Kannan, S. R. and Ramathilagam, S. and Devi, Pandiyarajan and Sathya, A.},
	month = apr,
	year = {2010},
	pages = {321--333},
	file = {Kannan2012.pdf:/home/olmozavala/.zotero/zotero/e6wfhum2.default/zotero/storage/RG3G7SAU/Kannan2012.pdf:application/pdf}
}

@article{meinel_robust_2010,
	title = {Robust segmentation of mass-lesions in contrast-enhanced dynamic breast {MR} images},
	volume = {32},
	issn = {10531807, 15222586},
	url = {http://doi.wiley.com/10.1002/jmri.22206},
	doi = {10.1002/jmri.22206},
	number = {1},
	urldate = {2012-09-24},
	journal = {Journal of Magnetic Resonance Imaging},
	author = {Meinel, Lina A. and Buelow, Thomas and Huo, Dezheng and Shimauchi, Akiko and Kose, Ursula and Buurman, Johannes and Newstead, Gillian},
	month = jun,
	year = {2010},
	pages = {110--119},
	file = {Meinel2010.pdf:/home/olmozavala/.zotero/zotero/e6wfhum2.default/zotero/storage/H2TA8ZDH/Meinel2010.pdf:application/pdf}
}

@inproceedings{deoliveira_geoserver:_2008,
	title = {{GeoServer}: uniting the {GeoWeb} and spatial data infrastructures},
	shorttitle = {{GeoServer}},
	url = {http://www.gsdi.org/gsdiconf/gsdi10/papers/TS26.4paper.pdf},
	urldate = {2013-06-10},
	booktitle = {Proceedings of the 10th International Conference for Spatial Data Infrastructure, St. Augustine, Trinidad},
	author = {Deoliveira, Justin},
	year = {2008},
	file = {Geoserver.pdf:/home/olmozavala/.zotero/zotero/e6wfhum2.default/zotero/storage/DRCHJ8JA/Geoserver.pdf:application/pdf}
}

@article{houston_hierarchical_2006,
	title = {Hierarchical {RLE} level set: A compact and versatile deformable surface representation},
	volume = {25},
	shorttitle = {Hierarchical {RLE} level set},
	url = {http://dl.acm.org/citation.cfm?id=1122508},
	number = {1},
	urldate = {2013-02-06},
	journal = {{ACM} Transactions on Graphics ({TOG})},
	author = {Houston, B. and Nielsen, M. B. and Batty, C. and Nilsson, O. and Museth, K.},
	year = {2006},
	pages = {151–175},
	file = {houston2006rlelevelsets.pdf:/home/olmozavala/.zotero/zotero/e6wfhum2.default/zotero/storage/68MNPFVT/houston2006rlelevelsets.pdf:application/pdf}
}

@article{liu_probability_2010,
	title = {Probability density difference-based active contour for ultrasound image segmentation},
	volume = {43},
	number = {6},
	journal = {Pattern Recognition},
	author = {Liu, B. and Cheng, H. D. and Huang, J. and Tian, J. and Tang, X. and Liu, J.},
	year = {2010},
	pages = {2028–2042},
	file = {1-s2.0-S0031320310000324-main.pdf:/home/olmozavala/.zotero/zotero/e6wfhum2.default/zotero/storage/DT2K7VCG/1-s2.0-S0031320310000324-main.pdf:application/pdf}
}

@article{tiranti_defense_2014,
	title = {The {DEFENSE} (debris Flows {triggEred} by storms – nowcasting system): An early warning system for torrential processes by radar storm tracking using a Geographic Information System ({GIS})},
	volume = {70},
	issn = {00983004},
	shorttitle = {The {DEFENSE} (debris Flows {triggEred} by storms – nowcasting system)},
	url = {http://linkinghub.elsevier.com/retrieve/pii/S0098300414001174},
	doi = {10.1016/j.cageo.2014.05.004},
	language = {en},
	urldate = {2014-08-07},
	journal = {Computers \& Geosciences},
	author = {Tiranti, Davide and Cremonini, Roberto and Marco, Federica and Gaeta, Armando Riccardo and Barbero, Secondo},
	month = sep,
	year = {2014},
	pages = {96--109},
	file = {1-s2.0-S0098300414001174-main.pdf:/home/olmozavala/.zotero/zotero/e6wfhum2.default/zotero/storage/UF2584TN/1-s2.0-S0098300414001174-main.pdf:application/pdf}
}

@article{bassett_national_2008,
	title = {National Trends and Practices in Breast {MRI}},
	volume = {191},
	issn = {0361-803X, 1546-3141},
	url = {http://www.ajronline.org/cgi/doi/10.2214/AJR.07.3207},
	doi = {10.2214/AJR.07.3207},
	number = {2},
	urldate = {2012-10-14},
	journal = {American Journal of Roentgenology},
	author = {Bassett, L. W. and Dhaliwal, S. G. and Eradat, J. and Khan, O. and Farria, D. F. and Brenner, R. J. and Sayre, J. W.},
	month = aug,
	year = {2008},
	pages = {332--339},
	file = {332.full.pdf:/home/olmozavala/.zotero/zotero/e6wfhum2.default/zotero/storage/TKETBICD/332.full.pdf:application/pdf}
}

@inproceedings{international_cartographic_conference_abstracts_2005,
	title = {Abstracts of papers: International Cartographic Conference, 9-16 July, 2005, A Coruña, Spain.},
	isbn = {0958460930  9780958460934},
	shorttitle = {Abstracts of papers},
	language = {English},
	publisher = {Sociedad Española de Cartografía Fotogrametría y Teledetección},
	author = {International Cartographic Conference, Sociedad Española de Cartografía Fotogrametría y Teledetección},
	year = {2005},
	file = {acis2012_submission_46.pdf:/home/olmozavala/.zotero/zotero/e6wfhum2.default/zotero/storage/MUJCKP6F/acis2012_submission_46.pdf:application/pdf}
}

@book{shekhar_encyclopedia_2007,
	address = {New York ; Berlin},
	title = {Encyclopedia of Geographical Information Sciences},
	isbn = {9780387359755  0387359753  9780387308586  038730858X  9780387359731  0387359737},
	language = {English},
	publisher = {Springer},
	author = {Shekhar, Shashi and Xiong, Hui},
	year = {2007},
	file = {Shashi Shekhar, Hui Xiong, - Encyclopedia of GIS.pdf:/home/olmozavala/.zotero/zotero/e6wfhum2.default/zotero/storage/DD5U23EQ/Shashi Shekhar, Hui Xiong, - Encyclopedia of GIS.pdf:application/pdf}
}

@article{sbert_3d_2003,
	title = {3D curves reconstruction based on deformable models},
	volume = {18},
	number = {3},
	journal = {Journal of Mathematical Imaging and Vision},
	author = {Sbert, C. and Solé, A. F.},
	year = {2003},
	pages = {211–223},
	file = {GeodesicActiveContours.pdf:/home/olmozavala/.zotero/zotero/e6wfhum2.default/zotero/storage/4SQ34G8C/GeodesicActiveContours.pdf:application/pdf}
}

@inproceedings{shen_active_2009,
	title = {Active volume models for 3D medical image segmentation},
	booktitle = {Computer Vision and Pattern Recognition, 2009. {CVPR} 2009. {IEEE} Conference on},
	author = {Shen, T. and Li, H. and Qian, Z. and Huang, X.},
	year = {2009},
	pages = {707–714},
	file = {ActiveVolumesMedicalImage2009.pdf:/home/olmozavala/.zotero/zotero/e6wfhum2.default/zotero/storage/8TMC3BA2/ActiveVolumesMedicalImage2009.pdf:application/pdf}
}

@article{frehner_virtual_2006,
	title = {Virtual database: Spatial analysis in a Web-based data management system for distributed ecological data},
	volume = {21},
	issn = {13648152},
	shorttitle = {Virtual database},
	url = {http://linkinghub.elsevier.com/retrieve/pii/S1364815206001113},
	doi = {10.1016/j.envsoft.2006.05.012},
	language = {en},
	number = {11},
	urldate = {2014-08-07},
	journal = {Environmental Modelling \& Software},
	author = {Frehner, M and Brandli, M},
	month = nov,
	year = {2006},
	pages = {1544--1554},
	file = {1-s2.0-S1364815206001113-main.pdf:/home/olmozavala/.zotero/zotero/e6wfhum2.default/zotero/storage/BCUVQJ2I/1-s2.0-S1364815206001113-main.pdf:application/pdf}
}

@article{xie_mac:_2008,
	title = {{MAC}: Magnetostatic active contour model},
	volume = {30},
	shorttitle = {{MAC}},
	url = {http://ieeexplore.ieee.org/xpls/abs_all.jsp?arnumber=4359352},
	number = {4},
	urldate = {2013-02-20},
	journal = {Pattern Analysis and Machine Intelligence, {IEEE} Transactions on},
	author = {Xie, Xianghua and Mirmehdi, Majid},
	year = {2008},
	pages = {632–646},
	file = {xxmm-pami2008.pdf:/home/olmozavala/.zotero/zotero/e6wfhum2.default/zotero/storage/T2XNE33F/xxmm-pami2008.pdf:application/pdf}
}

@article{vignati_performance_2011,
	title = {Performance of a fully automatic lesion detection system for breast {DCE}-{MRI}},
	volume = {34},
	issn = {10531807},
	url = {http://doi.wiley.com/10.1002/jmri.22680},
	doi = {10.1002/jmri.22680},
	number = {6},
	urldate = {2012-10-15},
	journal = {Journal of Magnetic Resonance Imaging},
	author = {Vignati, Anna and Giannini, Valentina and De Luca, Massimo and Morra, Lia and Persano, Diego and Carbonaro, Luca A. and Bertotto, Ilaria and Martincich, Laura and Regge, Daniele and Bert, Alberto and Sardanelli, Francesco},
	month = dec,
	year = {2011},
	pages = {1341--1351},
	file = {22680_ftp.pdf:/home/olmozavala/.zotero/zotero/e6wfhum2.default/zotero/storage/TDTBIDFT/22680_ftp.pdf:application/pdf}
}

@article{armitage_extracting_2005,
	title = {Extracting and visualizing physiological parameters using dynamic contrast-enhanced magnetic resonance imaging of the breast},
	volume = {9},
	url = {http://www.sciencedirect.com/science/article/pii/S1361841505000113},
	number = {4},
	urldate = {2013-02-05},
	journal = {Medical image analysis},
	author = {Armitage, P. and Behrenbruch, C. and Brady, M. and Moore, N.},
	year = {2005},
	pages = {315–329},
	file = {1-s2.0-S1361841505000113-main.pdf:/home/olmozavala/.zotero/zotero/e6wfhum2.default/zotero/storage/36TSJEU7/1-s2.0-S1361841505000113-main.pdf:application/pdf}
}

@article{carbonaro_breast_2011,
	title = {Breast {MRI} using a high-relaxivity contrast agent: an overview},
	volume = {196},
	shorttitle = {Breast {MRI} using a high-relaxivity contrast agent},
	url = {http://www.ajronline.org/content/196/4/942.short},
	number = {4},
	urldate = {2013-02-04},
	journal = {American Journal of Roentgenology},
	author = {Carbonaro, L. A. and Pediconi, F. and Verardi, N. and Trimboli, R. M. and Calabrese, M. and Sardanelli, F.},
	year = {2011},
	pages = {942–955},
	file = {942.full.pdf:/home/olmozavala/.zotero/zotero/e6wfhum2.default/zotero/storage/JPP2MARP/942.full.pdf:application/pdf}
}

@phdthesis{adalsteinsson_fast_1994,
	title = {A fast level set method for propagating interfaces},
	school = {University of California},
	author = {Adalsteinsson, D.},
	year = {1994},
	file = {10.1.1.46.1716.pdf:/home/olmozavala/.zotero/zotero/e6wfhum2.default/zotero/storage/KEWFTBWT/10.1.1.46.1716.pdf:application/pdf}
}

@article{fustes_cloud-integrated_2014,
	title = {A cloud-integrated web platform for marine monitoring using {GIS} and remote sensing. Application to oil spill detection through {SAR} images},
	volume = {34},
	issn = {0167739X},
	url = {http://linkinghub.elsevier.com/retrieve/pii/S0167739X13001994},
	doi = {10.1016/j.future.2013.09.020},
	language = {en},
	urldate = {2014-08-07},
	journal = {Future Generation Computer Systems},
	author = {Fustes, Diego and Cantorna, Diego and Dafonte, Carlos and Arcay, Bernardino and Iglesias, Alfonso and Manteiga, Minia},
	month = may,
	year = {2014},
	pages = {155--160},
	file = {1-s2.0-S0167739X13001994-main.pdf:/home/olmozavala/.zotero/zotero/e6wfhum2.default/zotero/storage/XVJFZ9HU/1-s2.0-S0167739X13001994-main.pdf:application/pdf}
}

@article{szabo_neural_2004,
	title = {Neural network approach to the segmentation and classification of dynamic magnetic resonance images of the breast: Comparison with empiric and quantitative kinetic parameters{\textless} sup{\textgreater} 1{\textless}/sup{\textgreater}},
	volume = {11},
	shorttitle = {Neural network approach to the segmentation and classification of dynamic magnetic resonance images of the breast},
	number = {12},
	journal = {Academic radiology},
	author = {Szabó, B. K. and Aspelin, P. and Wiberg, M. K.},
	year = {2004},
	pages = {1344–1354},
	file = {1-s2.0-S1076633204005537-main.pdf:/home/olmozavala/.zotero/zotero/e6wfhum2.default/zotero/storage/4KK6FWWT/1-s2.0-S1076633204005537-main.pdf:application/pdf}
}

@article{laka-inurrategi_cloud_2013,
	title = {Cloud based N-dimensional weather forecast visualization tool with image analysis capabilities},
	volume = {{XL}-7/W2},
	issn = {2194-9034},
	url = {http://www.int-arch-photogramm-remote-sens-spatial-inf-sci.net/XL-7-W2/133/2013/},
	doi = {10.5194/isprsarchives-XL-7-W2-133-2013},
	language = {en},
	urldate = {2014-08-11},
	journal = {{ISPRS} - International Archives of the Photogrammetry, Remote Sensing and Spatial Information Sciences},
	author = {Laka-Iñurrategi, M. and Alberdi, I. and Alonso, K. and Quartulli, M.},
	month = oct,
	year = {2013},
	pages = {133--137},
	file = {isprsarchives-XL-7-W2-133-2013.pdf:/home/olmozavala/.zotero/zotero/e6wfhum2.default/zotero/storage/ITFZW7TP/isprsarchives-XL-7-W2-133-2013.pdf:application/pdf}
}

@inproceedings{kang_improved_2011,
	title = {An improved method of breast {MRI} segmentation with simplified K-means clustered images},
	url = {http://dl.acm.org/citation.cfm?id=2103425},
	urldate = {2012-10-09},
	booktitle = {Proceedings of the 2011 {ACM} Symposium on Research in Applied Computation},
	author = {Kang, D. and Shin, S. Y. and Sung, C. O. and Kim, J. Y. and Pack, J. K. and Choi, H. D.},
	year = {2011},
	pages = {226–231},
	file = {p226-kang.pdf:/home/olmozavala/.zotero/zotero/e6wfhum2.default/zotero/storage/FEDG8XTG/p226-kang.pdf:application/pdf}
}

@book{brooks_design_2010,
	title = {The design of design: Essays from a computer scientist},
	shorttitle = {The design of design},
	url = {http://books.google.com/books?hl=en&lr=&id=0qG4TQi-e-4C&oi=fnd&pg=PT3&dq=%22sales+outside+the+United+States,+please%22+%22us+on+the+Web:%22+&ots=yqmKf2xmq8&sig=UrRCkOokRBBtURc89qIXZp9L23Q},
	urldate = {2013-02-23},
	publisher = {Addison-Wesley Professional},
	author = {Brooks, Frederick Phillips},
	year = {2010},
	file = {OpenGL Shading Language, Third Edition.pdf:/home/olmozavala/.zotero/zotero/e6wfhum2.default/zotero/storage/K25ZD8TT/OpenGL Shading Language, Third Edition.pdf:application/pdf}
}

@article{lucas_multi-object_????,
	title = {Multi-Object Geodesic Active Contours ({MOGAC}): A Parallel Sparse-Field Algorithm for Image Segmentation},
	shorttitle = {Multi-Object Geodesic Active Contours ({MOGAC})},
	author = {Lucas, B. C. and Kazhdan, M. and Taylor, R. H.},
	file = {GeodesicActiveContours2012.pdf:/home/olmozavala/.zotero/zotero/e6wfhum2.default/zotero/storage/RVQRDSVZ/GeodesicActiveContours2012.pdf:application/pdf}
}

@article{newell_selection_2009,
	title = {Selection of diagnostic features on breast {MRI} to differentiate between malignant and benign lesions using computer-aided diagnosis: differences in lesions presenting as mass and non-mass-like enhancement},
	volume = {20},
	issn = {0938-7994, 1432-1084},
	shorttitle = {Selection of diagnostic features on breast {MRI} to differentiate between malignant and benign lesions using computer-aided diagnosis},
	url = {http://www.springerlink.com/index/10.1007/s00330-009-1616-y},
	doi = {10.1007/s00330-009-1616-y},
	number = {4},
	urldate = {2012-10-09},
	journal = {European Radiology},
	author = {Newell, Dustin and Nie, Ke and Chen, Jeon-Hor and Hsu, Chieh-Chih and Yu, Hon J. and Nalcioglu, Orhan and Su, Min-Ying},
	month = sep,
	year = {2009},
	pages = {771--781},
	file = {fulltext (2).pdf:/home/olmozavala/.zotero/zotero/e6wfhum2.default/zotero/storage/I47U6X7K/fulltext (2).pdf:application/pdf;fulltext.pdf:/home/olmozavala/.zotero/zotero/e6wfhum2.default/zotero/storage/842KGJ3U/fulltext.pdf:application/pdf}
}

@article{sinha_recent_2009,
	title = {Recent advances in breast {MRI} and {MRS}},
	volume = {22},
	issn = {09523480, 10991492},
	url = {http://doi.wiley.com/10.1002/nbm.1270},
	doi = {10.1002/nbm.1270},
	number = {1},
	urldate = {2012-10-14},
	journal = {{NMR} in Biomedicine},
	author = {Sinha, S. and Sinha, U.},
	month = jan,
	year = {2009},
	pages = {3--16},
	file = {1270_ftp.pdf:/home/olmozavala/.zotero/zotero/e6wfhum2.default/zotero/storage/TDITVXCA/1270_ftp.pdf:application/pdf}
}

@article{shi_treatment_2009,
	title = {Treatment response assessment of breast masses on dynamic contrast-enhanced magnetic resonance scans using fuzzy c-means clustering and level set segmentation},
	volume = {36},
	issn = {00942405},
	url = {http://link.aip.org/link/MPHYA6/v36/i11/p5052/s1&Agg=doi},
	doi = {10.1118/1.3238101},
	number = {11},
	urldate = {2012-10-14},
	journal = {Medical Physics},
	author = {Shi, Jiazheng and Sahiner, Berkman and Chan, Heang-Ping and Paramagul, Chintana and Hadjiiski, Lubomir M. and Helvie, Mark and Chenevert, Thomas},
	year = {2009},
	pages = {5052},
	file = {MPHYA6-000036-005052_1.pdf:/home/olmozavala/.zotero/zotero/e6wfhum2.default/zotero/storage/7TWFVDEH/MPHYA6-000036-005052_1.pdf:application/pdf}
}

@inproceedings{hetrick_modeling_1993,
	title = {Modeling insolation on complex surfaces},
	volume = {2},
	url = {http://professorpaul.com/publications/hetrick_et_al_1993_esri.pdf},
	urldate = {2013-06-20},
	booktitle = {Thirteen Annual {ESRI} User Conference},
	author = {Hetrick, William A. and Rich, Paul M. and Weiss, Stuart B.},
	year = {1993},
	pages = {447–458},
	file = {Example2.pdf:/home/olmozavala/.zotero/zotero/e6wfhum2.default/zotero/storage/ZP6TC6BB/Example2.pdf:application/pdf}
}

@article{hendee_magnetic_1984,
	title = {Magnetic Resonance Imaging Part I—Physical Principles},
	volume = {141},
	url = {http://www.ncbi.nlm.nih.gov/pmc/articles/PMC1021860/},
	number = {4},
	urldate = {2013-01-17},
	journal = {Western Journal of Medicine},
	author = {Hendee, W. R. and Morgan, C. J.},
	year = {1984},
	pages = {491},
	file = {westjmed00182-0061.pdf:/home/olmozavala/.zotero/zotero/e6wfhum2.default/zotero/storage/TWRVCZAR/westjmed00182-0061.pdf:application/pdf}
}

@article{jie_wang_edge-weighted_2009,
	title = {An Edge-Weighted Centroidal Voronoi Tessellation Model for Image Segmentation},
	volume = {18},
	issn = {1057-7149, 1941-0042},
	url = {http://ieeexplore.ieee.org/lpdocs/epic03/wrapper.htm?arnumber=5109687},
	doi = {10.1109/TIP.2009.2021087},
	number = {8},
	urldate = {2012-06-13},
	journal = {{IEEE} Transactions on Image Processing},
	author = {Jie Wang and Lili Ju and Xiaoqiang Wang},
	month = aug,
	year = {2009},
	pages = {1844--1858},
	file = {WangImgSeg.pdf:/home/olmozavala/.zotero/zotero/e6wfhum2.default/zotero/storage/RBTJPFFP/WangImgSeg.pdf:application/pdf}
}

@article{fabbri_2d_2008,
	title = {2D Euclidean distance transform algorithms: A comparative survey},
	volume = {40},
	shorttitle = {2D Euclidean distance transform algorithms},
	number = {1},
	journal = {{ACM} Computing Surveys ({CSUR})},
	author = {Fabbri, R. and Costa, L. D. F. and Torelli, J. C. and Bruno, O. M.},
	year = {2008},
	pages = {2},
	file = {Survey08.pdf:/home/olmozavala/.zotero/zotero/e6wfhum2.default/zotero/storage/ZEEKUND3/Survey08.pdf:application/pdf}
}

@article{kannan_effective_2009,
	title = {Effective fuzzy clustering techniques for segmentation of breast {MRI}},
	volume = {15},
	issn = {1432-7643, 1433-7479},
	url = {http://www.springerlink.com/index/10.1007/s00500-009-0528-8},
	doi = {10.1007/s00500-009-0528-8},
	number = {3},
	urldate = {2012-10-09},
	journal = {Soft Computing},
	author = {Kannan, S. R. and Sathya, A. and Ramathilagam, S.},
	month = nov,
	year = {2009},
	pages = {483--491},
	file = {fulltext.pdf:/home/olmozavala/.zotero/zotero/e6wfhum2.default/zotero/storage/FFGU96TV/fulltext.pdf:application/pdf}
}

@book{_quantum_2007,
	address = {New York ; Berlin},
	title = {Quantum {GIS}},
	isbn = {9780387359755  0387359753  9780387308586  038730858X  9780387359731  0387359737},
	language = {English},
	publisher = {Springer},
	year = {2007}
}

@article{parkin_use_2006,
	title = {Use of statistics to assess the global burden of breast cancer},
	volume = {12},
	url = {http://onlinelibrary.wiley.com/doi/10.1111/j.1075-122X.2006.00205.x/full},
	number = {s1},
	urldate = {2013-01-30},
	journal = {The Breast Journal},
	author = {Parkin, D. M. and Fernández, L. M. G.},
	year = {2006},
	pages = {S70–S80},
	file = {Guidel_breast_bj_selected_topics.pdf:/home/olmozavala/.zotero/zotero/e6wfhum2.default/zotero/storage/XG7MMDQ4/Guidel_breast_bj_selected_topics.pdf:application/pdf}
}

@article{cummings_operational_2005,
	title = {Operational multivariate ocean data assimilation},
	volume = {131},
	issn = {00359009, 1477870X},
	url = {http://doi.wiley.com/10.1256/qj.05.105},
	doi = {10.1256/qj.05.105},
	number = {613},
	urldate = {2014-01-26},
	journal = {Quarterly Journal of the Royal Meteorological Society},
	author = {Cummings, James A.},
	month = oct,
	year = {2005},
	pages = {3583--3604},
	file = {200513161325_ftp.pdf:/home/olmozavala/.zotero/zotero/e6wfhum2.default/zotero/storage/GHZH5Q4P/200513161325_ftp.pdf:application/pdf}
}

@article{grinand_estimating_2013,
	title = {Estimating deforestation in tropical humid and dry forests in Madagascar from 2000 to 2010 using multi-date Landsat satellite images and the random forests classifier},
	volume = {139},
	issn = {00344257},
	url = {http://linkinghub.elsevier.com/retrieve/pii/S0034425713002204},
	doi = {10.1016/j.rse.2013.07.008},
	language = {en},
	urldate = {2014-08-11},
	journal = {Remote Sensing of Environment},
	author = {Grinand, Clovis and Rakotomalala, Fety and Gond, Valéry and Vaudry, Romuald and Bernoux, Martial and Vieilledent, Ghislain},
	month = dec,
	year = {2013},
	pages = {68--80},
	file = {1-s2.0-S0034425713002204-main.pdf:/home/olmozavala/.zotero/zotero/e6wfhum2.default/zotero/storage/C5CV4E7M/1-s2.0-S0034425713002204-main.pdf:application/pdf}
}

@inproceedings{tan_automatic_2011,
	title = {Automatic breast {DCE}-{MRI} segmentation using compound morphological operations},
	volume = {1},
	url = {http://ieeexplore.ieee.org/xpls/abs_all.jsp?arnumber=6098307},
	urldate = {2012-10-09},
	booktitle = {Biomedical Engineering and Informatics ({BMEI}), 2011 4th International Conference on},
	author = {Tan, Y. and Liu, L. and Liu, Q. and Wang, J. and Ma, X. and Ni, H.},
	year = {2011},
	pages = {147–150},
	file = {06098307.pdf:/home/olmozavala/.zotero/zotero/e6wfhum2.default/zotero/storage/DKKQUPTA/06098307.pdf:application/pdf}
}

@article{mille_narrow_2009,
	title = {Narrow band region-based active contours and surfaces for 2D and 3D segmentation},
	volume = {113},
	url = {http://www.sciencedirect.com/science/article/pii/S1077314209000873},
	number = {9},
	urldate = {2013-02-20},
	journal = {Computer Vision and Image Understanding},
	author = {Mille, Julien},
	year = {2009},
	pages = {946–965},
	file = {3DActiveCountours.pdf:/home/olmozavala/.zotero/zotero/e6wfhum2.default/zotero/storage/R2SV22XU/3DActiveCountours.pdf:application/pdf}
}

@article{saslow_american_2007,
	title = {American Cancer Society guidelines for breast screening with {MRI} as an adjunct to mammography},
	volume = {57},
	url = {http://onlinelibrary.wiley.com/doi/10.3322/canjclin.57.2.75/full},
	number = {2},
	urldate = {2012-10-14},
	journal = {{CA}: A Cancer Journal for Clinicians},
	author = {Saslow, D. and Boetes, C. and Burke, W. and Harms, S. and Leach, M. O. and Lehman, C. D. and Morris, E. and Pisano, E. and Schnall, M. and Sener, S. and others},
	year = {2007},
	pages = {75–89},
	file = {75_ftp.pdf:/home/olmozavala/.zotero/zotero/e6wfhum2.default/zotero/storage/S74HN4IR/75_ftp.pdf:application/pdf}
}

@techreport{chen_computerized_2006,
	title = {Computerized Interpretation of Dynamic Breast {MRI}},
	institution = {{DTIC} Document},
	author = {Chen, W.},
	year = {2006},
	file = {1-s2.0-S1076633205008032-main.pdf:/home/olmozavala/.zotero/zotero/e6wfhum2.default/zotero/storage/Q6ARK6FB/1-s2.0-S1076633205008032-main.pdf:application/pdf}
}

@inproceedings{unger_continuous_2008,
	title = {Continuous globally optimal image segmentation with local constraints},
	volume = {2008},
	booktitle = {Computer Vision Winter Workshop},
	author = {Unger, M. and Pock, T. and Bischof, H.},
	year = {2008},
	file = {cvww08seg.pdf:/home/olmozavala/.zotero/zotero/e6wfhum2.default/zotero/storage/QANIAQN7/cvww08seg.pdf:application/pdf}
}

@article{mille_narrow_2009-1,
	title = {Narrow band region-based active contours and surfaces for 2D and 3D segmentation},
	volume = {113},
	number = {9},
	journal = {Computer Vision and Image Understanding},
	author = {Mille, J.},
	year = {2009},
	pages = {946–965},
	file = {sdarticle.pdf:/home/olmozavala/.zotero/zotero/e6wfhum2.default/zotero/storage/XI6EV4SC/sdarticle.pdf:application/pdf}
}

@article{chan_active_2001,
	title = {Active contours without edges},
	volume = {10},
	number = {2},
	journal = {Image Processing, {IEEE} Transactions on},
	author = {Chan, T. F. and Vese, L. A.},
	year = {2001},
	pages = {266–277},
	file = {Active Contours Without Edges.pdf:/home/olmozavala/.zotero/zotero/e6wfhum2.default/zotero/storage/7B6HT8WT/Active Contours Without Edges.pdf:application/pdf}
}

@article{jansen_diverse_2011,
	title = {The diverse pathology and kinetics of mass, nonmass, and focus enhancement on {MR} imaging of the breast},
	volume = {33},
	url = {http://onlinelibrary.wiley.com/doi/10.1002/jmri.22567/full},
	number = {6},
	urldate = {2013-02-20},
	journal = {Journal of Magnetic Resonance Imaging},
	author = {Jansen, Sanaz A. and Shimauchi, Akiko and Zak, Lindsay and Fan, Xiaobing and Karczmar, Gregory S. and Newstead, Gillian M.},
	year = {2011},
	pages = {1382–1389},
	file = {22567_ftp.pdf:/home/olmozavala/.zotero/zotero/e6wfhum2.default/zotero/storage/WR5VZWS8/22567_ftp.pdf:application/pdf;Nonmasskinetics.pdf:/home/olmozavala/.zotero/zotero/e6wfhum2.default/zotero/storage/SFP67PVH/Nonmasskinetics.pdf:application/pdf}
}

@article{kannan_robust_2011,
	title = {Robust kernel {FCM} in segmentation of breast medical images},
	volume = {38},
	number = {4},
	journal = {Expert Systems with Applications},
	author = {Kannan, S. R. and Ramathilagam, S. and Devi, R. and Sathya, A.},
	year = {2011},
	pages = {4382–4389},
	file = {1-s2.0-S095741741001064X-main.pdf:/home/olmozavala/.zotero/zotero/e6wfhum2.default/zotero/storage/8MJJA62I/1-s2.0-S095741741001064X-main.pdf:application/pdf}
}

@article{chassignet_hycom_2007,
	title = {The {HYCOM} (hybrid coordinate ocean model) data assimilative system},
	volume = {65},
	url = {http://www.sciencedirect.com/science/article/pii/S0924796306002855},
	number = {1},
	urldate = {2013-10-18},
	journal = {Journal of Marine Systems},
	author = {Chassignet, Eric P. and Hurlburt, Harley E. and Smedstad, Ole Martin and Halliwell, George R. and Hogan, Patrick J. and Wallcraft, Alan J. and Baraille, Remy and Bleck, Rainer},
	year = {2007},
	pages = {60–83},
	file = {a470336.pdf:/home/olmozavala/.zotero/zotero/e6wfhum2.default/zotero/storage/6SWC2P28/a470336.pdf:application/pdf}
}